%% This BibTeX bibliography file was created using BibDesk.
%% http://bibdesk.sourceforge.net/

@ARTICLE{chang/etal:2019,
       author = {{Chang}, Chihway and {Wang}, Michael and {Dodelson}, Scott and
         {Eifler}, Tim and {Heymans}, Catherine and {Jarvis}, Michael and
         {Jee}, M. James and {Joudaki}, Shahab and {Krause}, Elisabeth and
         {Malz}, Alex and {Mandelbaum}, Rachel and {Mohammed}, Irshad and
         {Schneider}, Michael and {Simet}, Melanie and {Troxel}, Michael A. and
         {Zuntz}, Joe and {LSST Dark Energy Science Collaboration}},
        title = "{A unified analysis of four cosmic shear surveys}",
      journal = {\mnras},
     keywords = {gravitational lensing: weak, surveys, cosmological parameters, cosmology: observations, Astrophysics - Cosmology and Nongalactic Astrophysics},
         year = 2019,
        month = jan,
       volume = {482},
       number = {3},
        pages = {3696-3717},
          doi = {10.1093/mnras/sty2902},
archivePrefix = {arXiv},
       eprint = {1808.07335},
 primaryClass = {astro-ph.CO},
       adsurl = {https://ui.adsabs.harvard.edu/abs/2019MNRAS.482.3696C},
      adsnote = {Provided by the SAO/NASA Astrophysics Data System}
}



@ARTICLE{kitaura/etal:2016,
       author = {{Kitaura}, Francisco-Shu and {Rodr{\'\i}guez-Torres}, Sergio and
         {Chuang}, Chia-Hsun and {Zhao}, Cheng and {Prada}, Francisco and
         {Gil-Mar{\'\i}n}, H{\'e}ctor and {Guo}, Hong and {Yepes}, Gustavo and
         {Klypin}, Anatoly and {Sc{\'o}ccola}, Claudia G. and {Tinker}, Jeremy and
         {McBride}, Cameron and {Reid}, Beth and {S{\'a}nchez}, Ariel G. and
         {Salazar-Albornoz}, Salvador and {Grieb}, Jan Niklas and
         {Vargas-Magana}, Mariana and {Cuesta}, Antonio J. and {Neyrinck}, Mark and
         {Beutler}, Florian and {Comparat}, Johan and {Percival}, Will J. and
         {Ross}, Ashley},
        title = "{The clustering of galaxies in the SDSS-III Baryon Oscillation Spectroscopic Survey: mock galaxy catalogues for the BOSS Final Data Release}",
      journal = {\mnras},
     keywords = {methods: numerical, galaxies: haloes, galaxies: statistics, large-scale structure of Universe, Astrophysics - Cosmology and Nongalactic Astrophysics},
         year = 2016,
        month = mar,
       volume = {456},
       number = {4},
        pages = {4156-4173},
          doi = {10.1093/mnras/stv2826},
archivePrefix = {arXiv},
       eprint = {1509.06400},
 primaryClass = {astro-ph.CO},
       adsurl = {https://ui.adsabs.harvard.edu/abs/2016MNRAS.456.4156K},
      adsnote = {Provided by the SAO/NASA Astrophysics Data System}
}
@ARTICLE{takada/hu:2013,
       author = {{Takada}, Masahiro and {Hu}, Wayne},
        title = "{Power spectrum super-sample covariance}",
      journal = {\prd},
     keywords = {98.80.-k, 95.36.+x, 98.65.Dx, Cosmology, Dark energy, Superclusters, large-scale structure of the Universe, Astrophysics - Cosmology and Extragalactic Astrophysics},
         year = 2013,
        month = jun,
       volume = {87},
       number = {12},
          eid = {123504},
        pages = {123504},
          doi = {10.1103/PhysRevD.87.123504},
archivePrefix = {arXiv},
       eprint = {1302.6994},
 primaryClass = {astro-ph.CO},
       adsurl = {https://ui.adsabs.harvard.edu/abs/2013PhRvD..87l3504T},
      adsnote = {Provided by the SAO/NASA Astrophysics Data System}
}


@ARTICLE{heydenreich/etal:2020,
       author = {{Heydenreich}, Sven and {Schneider}, Peter and {Hildebrandt}, Hendrik and
         {Asgari}, Marika and {Heymans}, Catherine and {Joachimi}, Benjamin and
         {Kuijken}, Konrad and {Lin}, Chieh-An and {Tr{\"o}ster}, Tilman and
         {van den Busch}, Jan Luca},
        title = "{The effects of varying depth in cosmic shear surveys}",
      journal = {\aap},
     keywords = {gravitational lensing: weak, cosmology: miscellaneous, Astrophysics - Cosmology and Nongalactic Astrophysics},
         year = 2020,
        month = feb,
       volume = {634},
          eid = {A104},
        pages = {A104},
          doi = {10.1051/0004-6361/201936966},
archivePrefix = {arXiv},
       eprint = {1910.11327},
 primaryClass = {astro-ph.CO},
       adsurl = {https://ui.adsabs.harvard.edu/abs/2020A&A...634A.104H},
      adsnote = {Provided by the SAO/NASA Astrophysics Data System}
}

@ARTICLE{zuntz/etal:2015,
       author = {{Zuntz}, J. and {Paterno}, M. and {Jennings}, E. and {Rudd}, D. and
         {Manzotti}, A. and {Dodelson}, S. and {Bridle}, S. and {Sehrish}, S. and
         {Kowalkowski}, J.},
        title = "{CosmoSIS: Modular cosmological parameter estimation}",
      journal = {Astronomy and Computing},
     keywords = {Cosmology:miscellaneous, Methods:data analysis, Methods:statistical, Astrophysics - Cosmology and Nongalactic Astrophysics, Astrophysics - Instrumentation and Methods for Astrophysics},
         year = 2015,
        month = sep,
       volume = {12},
        pages = {45-59},
          doi = {10.1016/j.ascom.2015.05.005},
archivePrefix = {arXiv},
       eprint = {1409.3409},
 primaryClass = {astro-ph.CO},
       adsurl = {https://ui.adsabs.harvard.edu/abs/2015A&C....12...45Z},
      adsnote = {Provided by the SAO/NASA Astrophysics Data System}
}

@ARTICLE{feroz/hobson:2008,
       author = {{Feroz}, F. and {Hobson}, M.~P.},
        title = "{Multimodal nested sampling: an efficient and robust alternative to Markov Chain Monte Carlo methods for astronomical data analyses}",
      journal = {\mnras},
     keywords = {methods: data analysis, methods: statistical, Astrophysics},
         year = 2008,
        month = feb,
       volume = {384},
       number = {2},
        pages = {449-463},
          doi = {10.1111/j.1365-2966.2007.12353.x},
archivePrefix = {arXiv},
       eprint = {0704.3704},
 primaryClass = {astro-ph},
       adsurl = {https://ui.adsabs.harvard.edu/abs/2008MNRAS.384..449F},
      adsnote = {Provided by the SAO/NASA Astrophysics Data System}
}

@ARTICLE{feroz/etal:2009,
       author = {{Feroz}, F. and {Hobson}, M.~P. and {Bridges}, M.},
        title = "{MULTINEST: an efficient and robust Bayesian inference tool for cosmology and particle physics}",
      journal = {\mnras},
     keywords = {methods: data analysis, methods: statistical, Astrophysics},
         year = 2009,
        month = oct,
       volume = {398},
       number = {4},
        pages = {1601-1614},
          doi = {10.1111/j.1365-2966.2009.14548.x},
archivePrefix = {arXiv},
       eprint = {0809.3437},
 primaryClass = {astro-ph},
       adsurl = {https://ui.adsabs.harvard.edu/abs/2009MNRAS.398.1601F},
      adsnote = {Provided by the SAO/NASA Astrophysics Data System}
}

@ARTICLE{feroz/etal:2019,
       author = {{Feroz}, Farhan and {Hobson}, Michael P. and {Cameron}, Ewan and
         {Pettitt}, Anthony N.},
        title = "{Importance Nested Sampling and the MultiNest Algorithm}",
      journal = {The Open Journal of Astrophysics},
     keywords = {statistical methods, importance nested sampling, bayesian inference, Astrophysics - Instrumentation and Methods for Astrophysics, Physics - Data Analysis, Statistics and Probability, Statistics - Computation},
         year = 2019,
        month = nov,
       volume = {2},
       number = {1},
          eid = {10},
        pages = {10},
          doi = {10.21105/astro.1306.2144},
archivePrefix = {arXiv},
       eprint = {1306.2144},
 primaryClass = {astro-ph.IM},
       adsurl = {https://ui.adsabs.harvard.edu/abs/2019OJAp....2E..10F},
      adsnote = {Provided by the SAO/NASA Astrophysics Data System}
}



@ARTICLE{schneider/etal:2002,
       author = {{Schneider}, P. and {van Waerbeke}, L. and {Kilbinger}, M. and
         {Mellier}, Y.},
        title = "{Analysis of two-point statistics of cosmic shear. I. Estimators and covariances}",
      journal = {\aap},
     keywords = {dark matter, gravitational lensing, large-scale structure of the Universe, Astrophysics},
         year = 2002,
        month = dec,
       volume = {396},
        pages = {1-19},
          doi = {10.1051/0004-6361:20021341},
archivePrefix = {arXiv},
       eprint = {astro-ph/0206182},
 primaryClass = {astro-ph},
       adsurl = {https://ui.adsabs.harvard.edu/abs/2002A&A...396....1S},
      adsnote = {Provided by the SAO/NASA Astrophysics Data System}
}



@ARTICLE{bridle/king:2007,
       author = {{Bridle}, Sarah and {King}, Lindsay},
        title = "{Dark energy constraints from cosmic shear power spectra: impact of intrinsic alignments on photometric redshift requirements}",
      journal = {New Journal of Physics},
     keywords = {Astrophysics},
         year = 2007,
        month = dec,
       volume = {9},
       number = {12},
        pages = {444},
          doi = {10.1088/1367-2630/9/12/444},
archivePrefix = {arXiv},
       eprint = {0705.0166},
 primaryClass = {astro-ph},
       adsurl = {https://ui.adsabs.harvard.edu/abs/2007NJPh....9..444B},
      adsnote = {Provided by the SAO/NASA Astrophysics Data System}
}



%% Created for BENJAMIN GIBLIN at 2015-12-03 14:23:39 +0000 

@ARTICLE{mead/etal:2015,
       author = {{Mead}, A.~J. and {Peacock}, J.~A. and {Heymans}, C. and {Joudaki}, S. and
         {Heavens}, A.~F.},
        title = "{An accurate halo model for fitting non-linear cosmological power spectra and baryonic feedback models}",
      journal = {\mnras},
     keywords = {gravitational lensing: weak, cosmology: theory, dark energy, large-scale structure of Universe, Astrophysics - Cosmology and Nongalactic Astrophysics},
         year = 2015,
        month = dec,
       volume = {454},
       number = {2},
        pages = {1958-1975},
          doi = {10.1093/mnras/stv2036},
archivePrefix = {arXiv},
       eprint = {1505.07833},
 primaryClass = {astro-ph.CO},
       adsurl = {https://ui.adsabs.harvard.edu/abs/2015MNRAS.454.1958M},
      adsnote = {Provided by the SAO/NASA Astrophysics Data System}
}


@ARTICLE{blazek/etal:2019,
       author = {{Blazek}, Jonathan A. and {MacCrann}, Niall and {Troxel}, M.~A. and
         {Fang}, Xiao},
        title = "{Beyond linear galaxy alignments}",
      journal = {\prd},
     keywords = {Astrophysics - Cosmology and Nongalactic Astrophysics, Astrophysics - Astrophysics of Galaxies},
         year = 2019,
        month = nov,
       volume = {100},
       number = {10},
          eid = {103506},
        pages = {103506},
          doi = {10.1103/PhysRevD.100.103506},
archivePrefix = {arXiv},
       eprint = {1708.09247},
 primaryClass = {astro-ph.CO},
       adsurl = {https://ui.adsabs.harvard.edu/abs/2019PhRvD.100j3506B},
      adsnote = {Provided by the SAO/NASA Astrophysics Data System}
}

@ARTICLE{lewis/bridle:2002,
       author = {{Lewis}, Antony and {Bridle}, Sarah},
        title = "{Cosmological parameters from CMB and other data: A Monte Carlo approach}",
      journal = {\prd},
     keywords = {98.80.Es, 02.70.Uu, 14.60.Pq, Observational cosmology, Applications of Monte Carlo methods, Neutrino mass and mixing, Astrophysics, High Energy Physics - Phenomenology},
         year = 2002,
        month = nov,
       volume = {66},
       number = {10},
          eid = {103511},
        pages = {103511},
          doi = {10.1103/PhysRevD.66.103511},
archivePrefix = {arXiv},
       eprint = {astro-ph/0205436},
 primaryClass = {astro-ph},
       adsurl = {https://ui.adsabs.harvard.edu/abs/2002PhRvD..66j3511L},
      adsnote = {Provided by the SAO/NASA Astrophysics Data System}
}

@ARTICLE{heitmann/etal:2014,
       author = {{Heitmann}, Katrin and {Lawrence}, Earl and {Kwan}, Juliana and
         {Habib}, Salman and {Higdon}, David},
        title = "{The Coyote Universe Extended: Precision Emulation of the Matter Power Spectrum}",
      journal = {\apj},
     keywords = {large-scale structure of universe, methods: statistical, Astrophysics - Cosmology and Nongalactic Astrophysics},
         year = 2014,
        month = jan,
       volume = {780},
       number = {1},
          eid = {111},
        pages = {111},
          doi = {10.1088/0004-637X/780/1/111},
archivePrefix = {arXiv},
       eprint = {1304.7849},
 primaryClass = {astro-ph.CO},
       adsurl = {https://ui.adsabs.harvard.edu/abs/2014ApJ...780..111H},
      adsnote = {Provided by the SAO/NASA Astrophysics Data System}
}

@ARTICLE{mead/etal:2020,
       author = {{Mead}, A.~J. and {Tr{\"o}ster}, T. and {Heymans}, C. and
         {Van Waerbeke}, L. and {McCarthy}, I.~G.},
        title = "{A hydrodynamical halo model for weak-lensing cross correlations}",
      journal = {arXiv e-prints},
     keywords = {Astrophysics - Cosmology and Nongalactic Astrophysics},
         year = 2020,
        month = apr,
          eid = {arXiv:2005.00009},
        pages = {arXiv:2005.00009},
archivePrefix = {arXiv},
       eprint = {2005.00009},
 primaryClass = {astro-ph.CO},
       adsurl = {https://ui.adsabs.harvard.edu/abs/2020arXiv200500009M},
      adsnote = {Provided by the SAO/NASA Astrophysics Data System}
}

@ARTICLE{semboloni/etal:2011,
       author = {{Semboloni}, Elisabetta and {Hoekstra}, Henk and {Schaye}, Joop and
         {van Daalen}, Marcel P. and {McCarthy}, Ian G.},
        title = "{Quantifying the effect of baryon physics on weak lensing tomography}",
      journal = {\mnras},
     keywords = {gravitational lensing: weak, surveys, cosmological parameters, cosmology: theory, dark energy, large-scale structure of Universe, Astrophysics - Cosmology and Nongalactic Astrophysics},
         year = 2011,
        month = nov,
       volume = {417},
       number = {3},
        pages = {2020-2035},
          doi = {10.1111/j.1365-2966.2011.19385.x},
archivePrefix = {arXiv},
       eprint = {1105.1075},
 primaryClass = {astro-ph.CO},
       adsurl = {https://ui.adsabs.harvard.edu/abs/2011MNRAS.417.2020S},
      adsnote = {Provided by the SAO/NASA Astrophysics Data System}
}


@ARTICLE{asgari/etal:2020_KD,
       author = {{Asgari}, Marika and {Tr{\"o}ster}, Tilman and {Heymans}, Catherine and
         {Hildebrandt}, Hendrik and {van den Busch}, Jan Luca and
         {Wright}, Angus H. and {Choi}, Ami and {Erben}, Thomas and
         {Joachimi}, Benjamin and {Joudaki}, Shahab and {Kannawadi}, Arun and
         {Kuijken}, Konrad and {Lin}, Chieh-An and {Schneider}, Peter and
         {Zuntz}, Joe},
        title = "{KiDS+VIKING-450 and DES-Y1 combined: Mitigating baryon feedback uncertainty with COSEBIs}",
      journal = {\aap},
     keywords = {gravitational lensing: weak, methods: data analysis, methods: statistical, surveys, cosmological parameters, large-scale structure of Universe, Astrophysics - Cosmology and Nongalactic Astrophysics},
         year = 2020,
        month = feb,
       volume = {634},
          eid = {A127},
        pages = {A127},
          doi = {10.1051/0004-6361/201936512},
archivePrefix = {arXiv},
       eprint = {1910.05336},
 primaryClass = {astro-ph.CO},
       adsurl = {https://ui.adsabs.harvard.edu/abs/2020A&A...634A.127A},
      adsnote = {Provided by the SAO/NASA Astrophysics Data System}
}



@ARTICLE{asgari/etal:2020,
       author = {{Asgari}, Marika and {Friswell}, Indiarose and {Yoon}, Mijin and
         {Heymans}, Catherine and {Dvornik}, Andrej and {Joachimi}, Benjamin and
         {Simon}, Patrick and {Zuntz}, Joe},
        title = "{Minimising the impact of scale-dependent galaxy bias on the joint cosmological analysis of large scale structures}",
      journal = {arXiv e-prints},
     keywords = {Astrophysics - Cosmology and Nongalactic Astrophysics},
         year = 2020,
        month = apr,
          eid = {arXiv:2004.07811},
        pages = {arXiv:2004.07811},
archivePrefix = {arXiv},
       eprint = {2004.07811},
 primaryClass = {astro-ph.CO},
       adsurl = {https://ui.adsabs.harvard.edu/abs/2020arXiv200407811A},
      adsnote = {Provided by the SAO/NASA Astrophysics Data System}
}



@ARTICLE{wright/etal:2020,
       author = {{Wright}, Angus H. and {Hildebrandt}, Hendrik and
         {van den Busch}, Jan Luca and {Heymans}, Catherine},
        title = "{Photometric redshift calibration with self-organising maps}",
      journal = {\aap},
     keywords = {techniques: photometric, cosmology: observations, Astrophysics - Cosmology and Nongalactic Astrophysics, Astrophysics - Instrumentation and Methods for Astrophysics},
         year = 2020,
        month = may,
       volume = {637},
          eid = {A100},
        pages = {A100},
          doi = {10.1051/0004-6361/201936782},
archivePrefix = {arXiv},
       eprint = {1909.09632},
 primaryClass = {astro-ph.CO},
       adsurl = {https://ui.adsabs.harvard.edu/abs/2020A&A...637A.100W},
      adsnote = {Provided by the SAO/NASA Astrophysics Data System}
}



@ARTICLE{blake/etal:2020,
       author = {{Blake}, Chris and {Amon}, Alexandra and {Asgari}, Marika and
         {Bilicki}, Maciej and {Dvornik}, Andrej and {Erben}, Thomas and
         {Giblin}, Benjamin and {Glazebrook}, Karl and {Heymans}, Catherine and
         {Hildebrandt}, Hendrik and {Joachimi}, Benjamin and {Joudaki}, Shahab and
         {Kannawadi}, Arun and {Kuijken}, Konrad and {Lidman}, Chris and
         {Parkinson}, David and {Shan}, HuanYuan and {Tr{\"o}ster}, Tilman and
         {van den Busch}, Jan Luca and {Wolf}, Christian and {Wright}, Angus H.},
        title = "{Testing gravity using galaxy-galaxy lensing and clustering amplitudes in KiDS-1000, BOSS and 2dFLenS}",
      journal = {arXiv e-prints},
     keywords = {Astrophysics - Cosmology and Nongalactic Astrophysics},
         year = 2020,
        month = may,
          eid = {arXiv:2005.14351},
        pages = {arXiv:2005.14351},
archivePrefix = {arXiv},
       eprint = {2005.14351},
 primaryClass = {astro-ph.CO},
       adsurl = {https://ui.adsabs.harvard.edu/abs/2020arXiv200514351B},
      adsnote = {Provided by the SAO/NASA Astrophysics Data System}
}




@ARTICLE{bartelmann/schneider:2001,
   author = {{Bartelmann}, M. and {Schneider}, P.},
    title = "{Weak gravitational lensing}",
  journal = {\physrep},
   eprint = {astro-ph/9912508},
     year = 2001,
    month = jan,
   volume = 340,
    pages = {291-472},
      doi = {10.1016/S0370-1573(00)00082-X},
   adsurl = {http://adsabs.harvard.edu/abs/2001PhR...340..291B},
  adsnote = {Provided by the SAO/NASA Astrophysics Data System}
}

% STAGE III SURVEYS
% KiDS-450
@ARTICLE{hildebrandt/etal:2017,
   author = {{Hildebrandt}, H. and {Viola}, M. and {Heymans}, C. and {Joudaki}, S. and 
	{Kuijken}, K. and {Blake}, C. and {Erben}, T. and {Joachimi}, B. and 
	{Klaes}, D. and {Miller}, L. and {Morrison}, C.~B. and {Nakajima}, R. and 
	{Verdoes Kleijn}, G. and {Amon}, A. and {Choi}, A. and {Covone}, G. and 
	{de Jong}, J.~T.~A. and {Dvornik}, A. and {Fenech Conti}, I. and 
	{Grado}, A. and {Harnois-D{\'e}raps}, J. and {Herbonnet}, R. and 
	{Hoekstra}, H. and {K{\"o}hlinger}, F. and {McFarland}, J. and 
	{Mead}, A. and {Merten}, J. and {Napolitano}, N. and {Peacock}, J.~A. and 
	{Radovich}, M. and {Schneider}, P. and {Simon}, P. and {Valentijn}, E.~A. and 
	{van den Busch}, J.~L. and {van Uitert}, E. and {Van Waerbeke}, L.
	},
    title = "{KiDS-450: cosmological parameter constraints from tomographic weak gravitational lensing}",
  journal = {\mnras},
archivePrefix = "arXiv",
   eprint = {1606.05338},
 keywords = {gravitational lensing: weak, surveys, galaxies: photometry, cosmology: observations},
     year = 2017,
    month = feb,
   volume = 465,
    pages = {1454-1498},
      doi = {10.1093/mnras/stw2805},
   adsurl = {http://adsabs.harvard.edu/abs/2017MNRAS.465.1454H},
  adsnote = {Provided by the SAO/NASA Astrophysics Data System}
}
@ARTICLE{kuijken/etal:2015,
   author = {{Kuijken}, K. and {Heymans}, C. and {Hildebrandt}, H. and {Nakajima}, R. and 
	{Erben}, T. and {de Jong}, J.~T.~A. and {Viola}, M. and {Choi}, A. and 
	{Hoekstra}, H. and {Miller}, L. and {van Uitert}, E. and {Amon}, A. and 
	{Blake}, C. and {Brouwer}, M. and {Buddendiek}, A. and {Conti}, I.~F. and 
	{Eriksen}, M. and {Grado}, A. and {Harnois-D{\'e}raps}, J. and 
	{Helmich}, E. and {Herbonnet}, R. and {Irisarri}, N. and {Kitching}, T. and 
	{Klaes}, D. and {La Barbera}, F. and {Napolitano}, N. and {Radovich}, M. and 
	{Schneider}, P. and {Sif{\'o}n}, C. and {Sikkema}, G. and {Simon}, P. and 
	{Tudorica}, A. and {Valentijn}, E. and {Verdoes Kleijn}, G. and 
	{van Waerbeke}, L.},
    title = "{Gravitational lensing analysis of the Kilo-Degree Survey}",
  journal = {\mnras},
archivePrefix = "arXiv",
   eprint = {1507.00738},
 keywords = {gravitational lensing: weak, surveys, galaxies: photometry, cosmology: observations},
     year = 2015,
    month = dec,
   volume = 454,
    pages = {3500-3532},
      doi = {10.1093/mnras/stv2140},
   adsurl = {http://adsabs.harvard.edu/abs/2015MNRAS.454.3500K},
  adsnote = {Provided by the SAO/NASA Astrophysics Data System}
}

% KV450

@ARTICLE{hildebrandt/etal:2020,
       author = {{Hildebrandt}, H. and {K{\"o}hlinger}, F. and {van den Busch}, J.~L. and
         {Joachimi}, B. and {Heymans}, C. and {Kannawadi}, A. and
         {Wright}, A.~H. and {Asgari}, M. and {Blake}, C. and {Hoekstra}, H. and
         {Joudaki}, S. and {Kuijken}, K. and {Miller}, L. and {Morrison}, C.~B. and
         {Tr{\"o}ster}, T. and {Amon}, A. and {Archidiacono}, M. and
         {Brieden}, S. and {Choi}, A. and {de Jong}, J.~T.~A. and {Erben}, T. and
         {Giblin}, B. and {Mead}, A. and {Peacock}, J.~A. and {Radovich}, M. and
         {Schneider}, P. and {Sif{\'o}n}, C. and {Tewes}, M.},
        title = "{KiDS+VIKING-450: Cosmic shear tomography with optical and infrared data}",
      journal = {\aap},
     keywords = {cosmology: observations, gravitational lensing: weak, galaxies: photometry, surveys},
         year = "2020",
        month = "Jan",
       volume = {633},
          eid = {A69},
        pages = {A69},
          doi = {10.1051/0004-6361/201834878},
       adsurl = {https://ui.adsabs.harvard.edu/abs/2020A&A...633A..69H},
      adsnote = {Provided by the SAO/NASA Astrophysics Data System}
}

@ARTICLE{troxel/etal:2018,
       author = {{Troxel}, M.~A. and {MacCrann}, N. and {Zuntz}, J. and {Eifler}, T.~F. and
         {Krause}, E. and {Dodelson}, S. and {Gruen}, D. and {Blazek}, J. and
         {Friedrich}, O. and {Samuroff}, S. and {Prat}, J. and {Secco}, L.~F. and
         {Davis}, C. and {Fert{\'e}}, A. and {DeRose}, J. and {Alarcon}, A. and
         {Amara}, A. and {Baxter}, E. and {Becker}, M.~R. and
         {Bernstein}, G.~M. and {Bridle}, S.~L. and {Cawthon}, R. and
         {Chang}, C. and {Choi}, A. and {De Vicente}, J. and
         {Drlica-Wagner}, A. and {Elvin-Poole}, J. and {Frieman}, J. and
         {Gatti}, M. and {Hartley}, W.~G. and {Honscheid}, K. and {Hoyle}, B. and
         {Huff}, E.~M. and {Huterer}, D. and {Jain}, B. and {Jarvis}, M. and
         {Kacprzak}, T. and {Kirk}, D. and {Kokron}, N. and {Krawiec}, C. and
         {Lahav}, O. and {Liddle}, A.~R. and {Peacock}, J. and {Rau}, M.~M. and
         {Refregier}, A. and {Rollins}, R.~P. and {Rozo}, E. and
         {Rykoff}, E.~S. and {S{\'a}nchez}, C. and {Sevilla-Noarbe}, I. and
         {Sheldon}, E. and {Stebbins}, A. and {Varga}, T.~N. and {Vielzeuf}, P. and
         {Wang}, M. and {Wechsler}, R.~H. and {Yanny}, B. and
         {Abbott}, T.~M.~C. and {Abdalla}, F.~B. and {Allam}, S. and
         {Annis}, J. and {Bechtol}, K. and {Benoit-L{\'e}vy}, A. and
         {Bertin}, E. and {Brooks}, D. and {Buckley-Geer}, E. and
         {Burke}, D.~L. and {Carnero Rosell}, A. and {Carrasco Kind}, M. and
         {Carretero}, J. and {Castander}, F.~J. and {Crocce}, M. and
         {Cunha}, C.~E. and {D'Andrea}, C.~B. and {da Costa}, L.~N. and
         {DePoy}, D.~L. and {Desai}, S. and {Diehl}, H.~T. and
         {Dietrich}, J.~P. and {Doel}, P. and {Fernandez}, E. and
         {Flaugher}, B. and {Fosalba}, P. and {Garc{\'\i}a-Bellido}, J. and
         {Gaztanaga}, E. and {Gerdes}, D.~W. and {Giannantonio}, T. and
         {Goldstein}, D.~A. and {Gruendl}, R.~A. and {Gschwend}, J. and
         {Gutierrez}, G. and {James}, D.~J. and {Jeltema}, T. and
         {Johnson}, M.~W.~G. and {Johnson}, M.~D. and {Kent}, S. and
         {Kuehn}, K. and {Kuhlmann}, S. and {Kuropatkin}, N. and {Li}, T.~S. and
         {Lima}, M. and {Lin}, H. and {Maia}, M.~A.~G. and {March}, M. and
         {Marshall}, J.~L. and {Martini}, P. and {Melchior}, P. and
         {Menanteau}, F. and {Miquel}, R. and {Mohr}, J.~J. and {Neilsen}, E. and
         {Nichol}, R.~C. and {Nord}, B. and {Petravick}, D. and {Plazas}, A.~A. and
         {Romer}, A.~K. and {Roodman}, A. and {Sako}, M. and {Sanchez}, E. and
         {Scarpine}, V. and {Schindler}, R. and {Schubnell}, M. and {Smith}, M. and
         {Smith}, R.~C. and {Soares-Santos}, M. and {Sobreira}, F. and
         {Suchyta}, E. and {Swanson}, M.~E.~C. and {Tarle}, G. and {Thomas}, D. and
         {Tucker}, D.~L. and {Vikram}, V. and {Walker}, A.~R. and {Weller}, J. and
         {Zhang}, Y. and {DES Collaboration}},
        title = "{Dark Energy Survey Year 1 results: Cosmological constraints from cosmic shear}",
      journal = {\prd},
     keywords = {Astrophysics - Cosmology and Nongalactic Astrophysics},
         year = "2018",
        month = "Aug",
       volume = {98},
       number = {4},
          eid = {043528},
        pages = {043528},
          doi = {10.1103/PhysRevD.98.043528},
archivePrefix = {arXiv},
       eprint = {1708.01538},
 primaryClass = {astro-ph.CO},
       adsurl = {https://ui.adsabs.harvard.edu/abs/2018PhRvD..98d3528T},
      adsnote = {Provided by the SAO/NASA Astrophysics Data System}
}


@ARTICLE{hamana/etal:2019,
       author = {{Hamana}, T. and {Shirasaki}, M. and {Miyazaki}, S. and {Hikage}, C. and
         {Oguri}, M. and {More}, S. and {Armstrong}, R. and {Leauthaud}, A. and
         {Mandelbaum}, R. and {Miyatake}, H.},
        title = "{Cosmological constraints from cosmic shear two-point correlation functions with HSC survey first-year data}",
      journal = {ArXiv e-prints},
     keywords = {Astrophysics - Cosmology and Nongalactic Astrophysics},
         year = "2019",
        month = "Jun",
          eid = {arXiv:1906.06041},
archivePrefix = {arXiv},
       eprint = {1906.06041},
 primaryClass = {astro-ph.CO},
       adsurl = {https://ui.adsabs.harvard.edu/abs/2019arXiv190606041H},
      adsnote = {Provided by the SAO/NASA Astrophysics Data System}
}

@ARTICLE{hikage/etal:2019,
       author = {{Hikage}, Chiaki and {Oguri}, Masamune and {Hamana}, Takashi and
         {More}, Surhud and {Mandelbaum}, Rachel and {Takada}, Masahiro and
         {K{\"o}hlinger}, Fabian and {Miyatake}, Hironao and
         {Nishizawa}, Atsushi J. and {Aihara}, Hiroaki and {Armstrong}, Robert and
         {Bosch}, James and {Coupon}, Jean and {Ducout}, Anne and {Ho}, Paul and
         {Hsieh}, Bau-Ching and {Komiyama}, Yutaka and
         {Lanusse}, Fran{\c{c}}ois and {Leauthaud}, Alexie and
         {Lupton}, Robert H. and {Medezinski}, Elinor and {Mineo}, Sogo and
         {Miyama}, Shoken and {Miyazaki}, Satoshi and {Murata}, Ryoma and
         {Murayama}, Hitoshi and {Shirasaki}, Masato and
         {Sif{\'o}n}, Crist{\'o}bal and {Simet}, Melanie and {Speagle}, Joshua and
         {Spergel}, David N. and {Strauss}, Michael A. and {Sugiyama}, Naoshi and
         {Tanaka}, Masayuki and {Utsumi}, Yousuke and {Wang}, Shiang-Yu and
         {Yamada}, Yoshihiko},
        title = "{Cosmology from cosmic shear power spectra with Subaru Hyper Suprime-Cam first-year data}",
      journal = {\pasj},
     keywords = {dark matter, gravitational lensing: weak, large-scale structure of universe, Astrophysics - Cosmology and Nongalactic Astrophysics},
         year = "2019",
        month = "Apr",
       volume = {71},
       number = {2},
          eid = {43},
        pages = {43},
          doi = {10.1093/pasj/psz010},
archivePrefix = {arXiv},
       eprint = {1809.09148},
 primaryClass = {astro-ph.CO},
       adsurl = {https://ui.adsabs.harvard.edu/abs/2019PASJ...71...43H},
      adsnote = {Provided by the SAO/NASA Astrophysics Data System}
}



% STAGE I SURVEYS
@ARTICLE{hirata/etal:2004,
       author = {{Hirata}, Christopher M. and {Mandelbaum}, Rachel and
         {Seljak}, Uro{\v{s}} and {Guzik}, Jacek and {Padmanabhan}, Nikhil and
         {Blake}, Cullen and {Brinkmann}, Jonathan and {Bud{\'a}vari}, Tamas and
         {Connolly}, Andrew and {Csabai}, Istvan},
        title = "{Galaxy-galaxy weak lensing in the Sloan Digital Sky Survey: intrinsic alignments and shear calibration errors}",
      journal = {\mnras},
     keywords = {gravitational lensing, galaxies: haloes, Astrophysics},
         year = "2004",
        month = "Sep",
       volume = {353},
       number = {2},
        pages = {529-549},
          doi = {10.1111/j.1365-2966.2004.08090.x},
archivePrefix = {arXiv},
       eprint = {astro-ph/0403255},
 primaryClass = {astro-ph},
       adsurl = {https://ui.adsabs.harvard.edu/abs/2004MNRAS.353..529H},
      adsnote = {Provided by the SAO/NASA Astrophysics Data System}
}
@ARTICLE{vanwaerbeke/etal:2005,
       author = {{Van Waerbeke}, L. and {Mellier}, Y. and {Hoekstra}, H.},
        title = "{Dealing with systematics in cosmic shear studies: New results from the VIRMOS-Descart survey}",
      journal = {\aap},
     keywords = {cosmology: observations, cosmology: dark matter, gravitational lensing, cosmology: large-scale structure of Universe, Astrophysics},
         year = "2005",
        month = "Jan",
       volume = {429},
        pages = {75-84},
          doi = {10.1051/0004-6361:20041513},
archivePrefix = {arXiv},
       eprint = {astro-ph/0406468},
 primaryClass = {astro-ph},
       adsurl = {https://ui.adsabs.harvard.edu/abs/2005A&A...429...75V},
      adsnote = {Provided by the SAO/NASA Astrophysics Data System}
}
%CTIO
@ARTICLE{jarvis/etal:2006,
       author = {{Jarvis}, Mike and {Jain}, Bhuvnesh and {Bernstein}, Gary and
         {Dolney}, Derek},
        title = "{Dark Energy Constraints from the CTIO Lensing Survey}",
      journal = {\apj},
     keywords = {Cosmology: Gravitational Lensing, Cosmology: Large-Scale Structure of Universe, Astrophysics},
         year = "2006",
        month = "Jun",
       volume = {644},
       number = {1},
        pages = {71-79},
          doi = {10.1086/503418},
archivePrefix = {arXiv},
       eprint = {astro-ph/0502243},
 primaryClass = {astro-ph},
       adsurl = {https://ui.adsabs.harvard.edu/abs/2006ApJ...644...71J},
      adsnote = {Provided by the SAO/NASA Astrophysics Data System}
}
% COSMOS
@ARTICLE{schrabback/etal:2007,
       author = {{Schrabback}, T. and {Erben}, T. and {Simon}, P. and {Miralles}, J. -M. and
         {Schneider}, P. and {Heymans}, C. and {Eifler}, T. and
         {Fosbury}, R.~A.~E. and {Freudling}, W. and {Hetterscheidt}, M. and
         {Hildebrandt}, H. and {Pirzkal}, N.},
        title = "{Cosmic shear analysis of archival HST/ACS data. I. Comparison of early ACS pure parallel data to the HST/GEMS survey}",
      journal = {\aap},
     keywords = {gravitational lensing, large-scale structure of Universe, cosmology: observations, Astrophysics},
         year = "2007",
        month = "Jun",
       volume = {468},
       number = {3},
        pages = {823-847},
          doi = {10.1051/0004-6361:20065898},
archivePrefix = {arXiv},
       eprint = {astro-ph/0606611},
 primaryClass = {astro-ph},
       adsurl = {https://ui.adsabs.harvard.edu/abs/2007A&A...468..823S},
      adsnote = {Provided by the SAO/NASA Astrophysics Data System}
}

% STAGE II COSMIC SHEAR
% SDSS
@ARTICLE{lin/etal:2012,
       author = {{Lin}, Huan and {Dodelson}, Scott and {Seo}, Hee-Jong and
         {Soares-Santos}, Marcelle and {Annis}, James and {Hao}, Jiangang and
         {Johnston}, David and {Kubo}, Jeffrey M. and {Reis}, Ribamar R.~R. and
         {Simet}, Melanie},
        title = "{The SDSS Co-add: Cosmic Shear Measurement}",
      journal = {\apj},
     keywords = {cosmological parameters, cosmology: observations, gravitational lensing: weak, large-scale structure of universe, Astrophysics - Cosmology and Nongalactic Astrophysics},
         year = "2012",
        month = "Dec",
       volume = {761},
       number = {1},
          eid = {15},
        pages = {15},
          doi = {10.1088/0004-637X/761/1/15},
archivePrefix = {arXiv},
       eprint = {1111.6622},
 primaryClass = {astro-ph.CO},
       adsurl = {https://ui.adsabs.harvard.edu/abs/2012ApJ...761...15L},
      adsnote = {Provided by the SAO/NASA Astrophysics Data System}
}
% ALSO SDSS
@ARTICLE{huff/etal:2014,
       author = {{Huff}, Eric M. and {Eifler}, Tim and {Hirata}, Christopher M. and {Mand
        elbaum}, Rachel and {Schlegel}, David and {Seljak}, Uro{\v{s}}},
        title = "{Seeing in the dark - II. Cosmic shear in the Sloan Digital Sky Survey}",
      journal = {\mnras},
     keywords = {gravitational lensing: weak, surveys, cosmology: observations},
         year = "2014",
        month = "May",
       volume = {440},
       number = {2},
        pages = {1322-1344},
          doi = {10.1093/mnras/stu145},
       adsurl = {https://ui.adsabs.harvard.edu/abs/2014MNRAS.440.1322H},
      adsnote = {Provided by the SAO/NASA Astrophysics Data System}
}
% CFHTLenS
@ARTICLE{heymans/etal:2013,
   author = {{Heymans}, C. and {Grocutt}, E. and {Heavens}, A. and {Kilbinger}, M. and 
	{Kitching}, T.~D. and {Simpson}, F. and {Benjamin}, J. and {Erben}, T. and 
	{Hildebrandt}, H. and {Hoekstra}, H. and {Mellier}, Y. and {Miller}, L. and 
	{Van Waerbeke}, L. and {Brown}, M.~L. and {Coupon}, J. and {Fu}, L. and 
	{Harnois-D{\'e}raps}, J. and {Hudson}, M.~J. and {Kuijken}, K. and 
	{Rowe}, B. and {Schrabback}, T. and {Semboloni}, E. and {Vafaei}, S. and 
	{Velander}, M.},
    title = "{CFHTLenS tomographic weak lensing cosmological parameter constraints: Mitigating the impact of intrinsic galaxy alignments}",
  journal = {\mnras},
archivePrefix = "arXiv",
   eprint = {1303.1808},
 keywords = {cosmology: observations},
     year = 2013,
    month = jul,
   volume = 432,
    pages = {2433-2453},
      doi = {10.1093/mnras/stt601},
   adsurl = {http://adsabs.harvard.edu/abs/2013MNRAS.432.2433H},
  adsnote = {Provided by the SAO/NASA Astrophysics Data System}
}
% RCSLenS
@ARTICLE{hildebrandt/etal:2016b,
       author = {{Hildebrandt}, H. and {Choi}, A. and {Heymans}, C. and {Blake}, C. and
         {Erben}, T. and {Miller}, L. and {Nakajima}, R. and {van Waerbeke}, L. and
         {Viola}, M. and {Buddendiek}, A. and {Harnois-D{\'e}raps}, J. and
         {Hojjati}, A. and {Joachimi}, B. and {Joudaki}, S. and
         {Kitching}, T.~D. and {Wolf}, C. and {Gwyn}, S. and {Johnson}, N. and
         {Kuijken}, K. and {Sheikhbahaee}, Z. and {Tudorica}, A. and
         {Yee}, H.~K.~C.},
        title = "{RCSLenS: The Red Cluster Sequence Lensing Survey}",
      journal = {\mnras},
     keywords = {gravitational lensing: weak, surveys, galaxies: photometry, cosmology: observations, Astrophysics - Cosmology and Nongalactic Astrophysics, Astrophysics - Instrumentation and Methods for Astrophysics},
         year = "2016",
        month = "Nov",
       volume = {463},
       number = {1},
        pages = {635-654},
          doi = {10.1093/mnras/stw2013},
archivePrefix = {arXiv},
       eprint = {1603.07722},
 primaryClass = {astro-ph.CO},
       adsurl = {https://ui.adsabs.harvard.edu/abs/2016MNRAS.463..635H},
      adsnote = {Provided by the SAO/NASA Astrophysics Data System}
}
% DLS
@ARTICLE{jee/etal:2016,
   author = {{Jee}, M.~J. and {Tyson}, J.~A. and {Hilbert}, S. and {Schneider}, M.~D. and 
	{Schmidt}, S. and {Wittman}, D.},
    title = "{Cosmic Shear Results from the Deep Lens Survey. II. Full Cosmological Parameter Constraints from Tomography}",
  journal = {\apj},
archivePrefix = "arXiv",
   eprint = {1510.03962},
 keywords = {cosmological parameters, cosmology: observations, dark matter, gravitational lensing: weak, large-scale structure of universe},
     year = 2016,
    month = jun,
   volume = 824,
      eid = {77},
    pages = {77},
      doi = {10.3847/0004-637X/824/2/77},
   adsurl = {http://adsabs.harvard.edu/abs/2016ApJ...824...77J},
  adsnote = {Provided by the SAO/NASA Astrophysics Data System}
}


% References about KiDS-VIKING data
% VIKING REFERENCE
@ARTICLE{edge/etal:2013,
       author = {{Edge}, A. and {Sutherland}, W. and {Kuijken}, K. and {Driver}, S. and
         {McMahon}, R. and {Eales}, S. and {Emerson}, J.~P.},
        title = "{The VISTA Kilo-degree Infrared Galaxy (VIKING) Survey: Bridging the Gap between Low and High Redshift}",
      journal = {The Messenger},
         year = "2013",
        month = "Dec",
       volume = {154},
        pages = {32-34},
       adsurl = {https://ui.adsabs.harvard.edu/abs/2013Msngr.154...32E},
      adsnote = {Provided by the SAO/NASA Astrophysics Data System}
}
% OmegaCAM 
@ARTICLE{kuijken:2011,
       author = {{Kuijken}, K.},
        title = "{OmegaCAM: ESO's Newest Imager}",
      journal = {The Messenger},
         year = "2011",
        month = "Dec",
       volume = {146},
        pages = {8-11},
       adsurl = {https://ui.adsabs.harvard.edu/abs/2011Msngr.146....8K},
      adsnote = {Provided by the SAO/NASA Astrophysics Data System}
}
% The VST - two references
@ARTICLE{capaccioli/schipani:2011,
       author = {{Capaccioli}, M. and {Schipani}, P.},
        title = "{The VLT Survey Telescope Opens to the Sky: History of a Commissioning}",
      journal = {The Messenger},
         year = "2011",
        month = "Dec",
       volume = {146},
        pages = {2-7},
       adsurl = {https://ui.adsabs.harvard.edu/abs/2011Msngr.146....2C},
      adsnote = {Provided by the SAO/NASA Astrophysics Data System}
}
@INPROCEEDINGS{capaccioli/etal:2012,
       author = {{Capaccioli}, Massimo and {Schipani}, Pietro and {de Paris}, Giacinto and
         {Grado}, Aniello and {Napolitano}, Nicola and {Iodice}, Enrica and
         {Marconi}, Marcella and {Merluzzi}, Paola and {Ripepi}, Vincenzo},
        title = "{VST: the VLT Survey Telescope. VST: An Overview.}",
    booktitle = {Science from the Next Generation Imaging and Spectroscopic Surveys},
         year = "2012",
        month = "Oct",
          eid = {1},
        pages = {1},
       adsurl = {https://ui.adsabs.harvard.edu/abs/2012sngi.confE...1C},
      adsnote = {Provided by the SAO/NASA Astrophysics Data System}
}
% K1000 Data
@ARTICLE{kuijken/etal:2019,
       author = {{Kuijken}, K. and {Heymans}, C. and {Dvornik}, A. and {Hildebrandt}, H. and
         {de Jong}, J.~T.~A. and {Wright}, A.~H. and {Erben}, T. and
         {Bilicki}, M. and {Giblin}, B. and {Shan}, H. -Y. and {Getman}, F. and
         {Grado}, A. and {Hoekstra}, H. and {Miller}, L. and {Napolitano}, N. and
         {Paolilo}, M. and {Radovich}, M. and {Schneider}, P. and {Sutherland
        }, W. and {Tewes}, M. and {Tortora}, C. and {Valentijn}, E.~A. and
         {Verdoes Kleijn}, G.~A.},
        title = "{The fourth data release of the Kilo-Degree Survey: ugri imaging and nine-band optical-IR photometry over 1000 square degrees}",
      journal = {\aap},
     keywords = {galaxies: general, surveys, large-scale structure of Universe, Astrophysics - Astrophysics of Galaxies, Astrophysics - Cosmology and Nongalactic Astrophysics},
         year = "2019",
        month = "May",
       volume = {625},
          eid = {A2},
        pages = {A2},
          doi = {10.1051/0004-6361/201834918},
archivePrefix = {arXiv},
       eprint = {1902.11265},
 primaryClass = {astro-ph.GA},
       adsurl = {https://ui.adsabs.harvard.edu/abs/2019A&A...625A...2K},
      adsnote = {Provided by the SAO/NASA Astrophysics Data System}
}

% THELI REFERENCE 1
@ARTICLE{erben/etal:2005,
   author = {{Erben}, T. and {Schirmer}, M. and {Dietrich}, J.~P. and {Cordes}, O. and 
	{Haberzettl}, L. and {Hetterscheidt}, M. and {Hildebrandt}, H. and 
	{Schmithuesen}, O. and {Schneider}, P. and {Simon}, P. and {Deul}, E. and 
	{Hook}, R.~N. and {Kaiser}, N. and {Radovich}, M. and {Benoist}, C. and 
	{Nonino}, M. and {Olsen}, L.~F. and {Prandoni}, I. and {Wichmann}, R. and 
	{Zaggia}, S. and {Bomans}, D. and {Dettmar}, R.~J. and {Miralles}, J.~M.
	},
    title = "{GaBoDS: The Garching-Bonn Deep Survey. IV. Methods for the image reduction of multi-chip cameras demonstrated on data from the ESO Wide-Field Imager}",
  journal = {Astronomische Nachrichten},
   eprint = {astro-ph/0501144},
 keywords = {methods: data analysis, techniques: image processing},
     year = 2005,
    month = jul,
   volume = 326,
    pages = {432-464},
      doi = {10.1002/asna.200510396},
   adsurl = {https://ui.adsabs.harvard.edu/abs/2005AN....326..432E},
  adsnote = {Provided by the SAO/NASA Astrophysics Data System}
}
% THELI REFERENCE 2
@ARTICLE{schirmer/etal:2013,
   author = {{Schirmer}, M.},
    title = "{THELI: Convenient Reduction of Optical, Near-infrared, and Mid-infrared Imaging Data}",
  journal = {\apjs},
archivePrefix = "arXiv",
   eprint = {1308.4989},
 primaryClass = "astro-ph.IM",
 keywords = {techniques: image processing },
     year = 2013,
    month = dec,
   volume = 209,
      eid = {21},
    pages = {21},
      doi = {10.1088/0067-0049/209/2/21},
   adsurl = {https://ui.adsabs.harvard.edu/abs/2013ApJS..209...21S},
  adsnote = {Provided by the SAO/NASA Astrophysics Data System}
}
%ASTROWISE REFERENCE
@ARTICLE{begeman/etal:2013,
       author = {{Begeman}, K. and {Belikov}, A.~N. and {Boxhoorn}, D.~R. and
         {Valentijn}, E.~A.},
        title = "{The Astro-WISE datacentric information system}",
      journal = {Experimental Astronomy},
     keywords = {Data grid, Grid computing, Information system, Middleware, Astrophysics - Instrumentation and Methods for Astrophysics},
         year = "2013",
        month = "Jan",
       volume = {35},
       number = {1-2},
        pages = {1-23},
          doi = {10.1007/s10686-012-9311-4},
archivePrefix = {arXiv},
       eprint = {1208.0447},
 primaryClass = {astro-ph.IM},
       adsurl = {https://ui.adsabs.harvard.edu/abs/2013ExA....35....1B},
      adsnote = {Provided by the SAO/NASA Astrophysics Data System}
}



% REFERENCES ABOUT PSFs

% PSF interpolation methods
@ARTICLE{berge/etal:2012,
       author = {{Berg{\'e}}, Joel and {Price}, Sedona and {Amara}, Adam and
         {Rhodes}, Jason},
        title = "{On point spread function modelling: towards optimal interpolation}",
      journal = {\mnras},
     keywords = {gravitational lensing: weak, methods: data analysis, methods: statistical, Astrophysics - Instrumentation and Methods for Astrophysics},
         year = "2012",
        month = "Jan",
       volume = {419},
       number = {3},
        pages = {2356-2368},
          doi = {10.1111/j.1365-2966.2011.19888.x},
archivePrefix = {arXiv},
       eprint = {1110.2517},
 primaryClass = {astro-ph.IM},
       adsurl = {https://ui.adsabs.harvard.edu/abs/2012MNRAS.419.2356B},
      adsnote = {Provided by the SAO/NASA Astrophysics Data System}
}
@ARTICLE{gentile/etal:2013,
       author = {{Gentile}, M. and {Courbin}, F. and {Meylan}, G.},
        title = "{Interpolating point spread function anisotropy}",
      journal = {\aap},
     keywords = {gravitational lensing: weak, methods: data analysis, Astrophysics - Cosmology and Extragalactic Astrophysics, Astrophysics - Galaxy Astrophysics},
         year = "2013",
        month = "Jan",
       volume = {549},
          eid = {A1},
        pages = {A1},
          doi = {10.1051/0004-6361/201219739},
archivePrefix = {arXiv},
       eprint = {1210.2696},
 primaryClass = {astro-ph.CO},
       adsurl = {https://ui.adsabs.harvard.edu/abs/2013A&A...549A...1G},
      adsnote = {Provided by the SAO/NASA Astrophysics Data System}
}
@ARTICLE{kitching/etal:2013,
       author = {{Kitching}, T.~D. and {Rowe}, B. and {Gill}, M. and {Heymans}, C. and
         {Massey}, R. and {Witherick}, D. and {Courbin}, F. and
         {Georgatzis}, K. and {Gentile}, M. and {Gruen}, D.},
        title = "{Image Analysis for Cosmology: Results from the GREAT10 Star Challenge}",
      journal = {\apjs},
     keywords = {atmospheric effects, cosmology: observations, methods: data analysis, techniques: image processing, Astrophysics - Instrumentation and Methods for Astrophysics},
         year = "2013",
        month = "Apr",
       volume = {205},
       number = {2},
          eid = {12},
        pages = {12},
          doi = {10.1088/0067-0049/205/2/12},
archivePrefix = {arXiv},
       eprint = {1210.1979},
 primaryClass = {astro-ph.IM},
       adsurl = {https://ui.adsabs.harvard.edu/abs/2013ApJS..205...12K},
      adsnote = {Provided by the SAO/NASA Astrophysics Data System}
}
@ARTICLE{lu/etal:2017,
       author = {{Lu}, Tianhuan and {Zhang}, Jun and {Dong}, Fuyu and {Li}, Yingke and
         {Liu}, Dezi and {Fu}, Liping and {Li}, Guoliang and {Fan}, Zuhui},
        title = "{Testing PSF Interpolation in Weak Lensing with Real Data}",
      journal = {\aj},
     keywords = {gravitational lensing: weak, large-scale structure of universe, methods: data analysis, techniques: image processing, Astrophysics - Cosmology and Nongalactic Astrophysics},
         year = "2017",
        month = "Apr",
       volume = {153},
       number = {4},
          eid = {197},
        pages = {197},
          doi = {10.3847/1538-3881/aa661e},
archivePrefix = {arXiv},
       eprint = {1610.09828},
 primaryClass = {astro-ph.CO},
       adsurl = {https://ui.adsabs.harvard.edu/abs/2017AJ....153..197L},
      adsnote = {Provided by the SAO/NASA Astrophysics Data System}
}
% Gaia data release paper - stars used for PSF modelling
@ARTICLE{gaia/etal:2018,
       author = {{Gaia Collaboration} and {Brown}, A.~G.~A. and {Vallenari}, A. and
         {Prusti}, T. and {de Bruijne}, J.~H.~J. and {Babusiaux}, C. and
         {Bailer-Jones}, C.~A.~L. and {Biermann}, M. and {Evans}, D.~W. and
         {Eyer}, L. and et al.},
        title = "{Gaia Data Release 2. Summary of the contents and survey properties}",
      journal = {\aap},
     keywords = {catalogs, astrometry, techniques: radial velocities, stars: fundamental parameters, stars: variables: general, minor planets, asteroids: general, Astrophysics - Astrophysics of Galaxies, Astrophysics - Instrumentation and Methods for Astrophysics},
         year = "2018",
        month = "Aug",
       volume = {616},
          eid = {A1},
        pages = {A1},
          doi = {10.1051/0004-6361/201833051},
archivePrefix = {arXiv},
       eprint = {1804.09365},
 primaryClass = {astro-ph.GA},
       adsurl = {https://ui.adsabs.harvard.edu/abs/2018A&A...616A...1G},
      adsnote = {Provided by the SAO/NASA Astrophysics Data System}
}

% Rowe Statistics
@ARTICLE{rowe:2010,
       author = {{Rowe}, Barnaby},
        title = "{Improving PSF modelling for weak gravitational lensing using new methods in model selection}",
      journal = {\mnras},
     keywords = {gravitational lensing, methods: data analysis, methods: statistical, cosmology: observations, large-scale structure of Universe, Astrophysics - Cosmology and Extragalactic Astrophysics},
         year = "2010",
        month = "May",
       volume = {404},
       number = {1},
        pages = {350-366},
          doi = {10.1111/j.1365-2966.2010.16277.x},
archivePrefix = {arXiv},
       eprint = {0904.3056},
 primaryClass = {astro-ph.CO},
       adsurl = {https://ui.adsabs.harvard.edu/abs/2010MNRAS.404..350R},
      adsnote = {Provided by the SAO/NASA Astrophysics Data System}
}
% The eqn for how rho statistics bias xi+
% And introducing rho3-5, which weren't in Rowe 2010.
@ARTICLE{jarvis/etal:2016,
       author = {{Jarvis}, M. and {Sheldon}, E. and {Zuntz}, J. and {Kacprzak}, T. and
         {Bridle}, S.~L. and {Amara}, A. and {Armstrong}, R. and
         {Becker}, M.~R. and {Bernstein}, G.~M. and {Bonnett}, C.},
        title = "{The DES Science Verification weak lensing shear catalogues}",
      journal = {\mnras},
     keywords = {gravitational lensing: weak, methods: data analysis, techniques: image processing, catalogues, surveys, cosmology: observations, Astrophysics - Instrumentation and Methods for Astrophysics, Astrophysics - Cosmology and Nongalactic Astrophysics},
         year = "2016",
        month = "Aug",
       volume = {460},
       number = {2},
        pages = {2245-2281},
          doi = {10.1093/mnras/stw990},
archivePrefix = {arXiv},
       eprint = {1507.05603},
 primaryClass = {astro-ph.IM},
       adsurl = {https://ui.adsabs.harvard.edu/abs/2016MNRAS.460.2245J},
      adsnote = {Provided by the SAO/NASA Astrophysics Data System}
}
% How PSF model errors affect shear estimation
@ARTICLE{paulin-henriksson/etal:2008,
       author = {{Paulin-Henriksson}, S. and {Amara}, A. and {Voigt}, L. and
         {Refregier}, A. and {Bridle}, S.~L.},
        title = "{Point spread function calibration requirements for dark energy from cosmic shear}",
      journal = {\aap},
     keywords = {gravitational lensing, cosmology: dark matter, cosmology: cosmological parameters, Astrophysics},
         year = "2008",
        month = "Jun",
       volume = {484},
       number = {1},
        pages = {67-77},
          doi = {10.1051/0004-6361:20079150},
archivePrefix = {arXiv},
       eprint = {0711.4886},
 primaryClass = {astro-ph},
       adsurl = {https://ui.adsabs.harvard.edu/abs/2008A&A...484...67P},
      adsnote = {Provided by the SAO/NASA Astrophysics Data System}
}
% Zuntz shear stats paper for DES yr1
@ARTICLE{zuntz/etal:2018,
       author = {{Zuntz}, J. and {Sheldon}, E. and {Samuroff}, S. and {Troxel}, M.~A. and
         {Jarvis}, M. and {MacCrann}, N. and {Gruen}, D. and {Prat}, J. and
         {S{\'a}nchez}, C. and {Choi}, A.},
        title = "{Dark Energy Survey Year 1 results: weak lensing shape catalogues}",
      journal = {\mnras},
     keywords = {gravitational lensing: weak, methods: data analysis, techniques: image processing, catalogues, surveys, cosmology: observations, Astrophysics - Cosmology and Nongalactic Astrophysics},
         year = "2018",
        month = "Nov",
       volume = {481},
       number = {1},
        pages = {1149-1182},
          doi = {10.1093/mnras/sty2219},
archivePrefix = {arXiv},
       eprint = {1708.01533},
 primaryClass = {astro-ph.CO},
       adsurl = {https://ui.adsabs.harvard.edu/abs/2018MNRAS.481.1149Z},
      adsnote = {Provided by the SAO/NASA Astrophysics Data System}
}
% Mandelbaum shear stats paper for HSC yr1
@ARTICLE{mandelbaum/etal:2018,
       author = {{Mandelbaum}, Rachel and {Miyatake}, Hironao and {Hamana}, Takashi and
         {Oguri}, Masamune and {Simet}, Melanie and {Armstrong}, Robert and
         {Bosch}, James and {Murata}, Ryoma and {Lanusse}, Fran{\c{c}}ois and
         {Leauthaud}, Alexie and {Coupon}, Jean and {More}, Surhud and
         {Takada}, Masahiro and {Miyazaki}, Satoshi and {Speagle}, Joshua S. and
         {Shirasaki}, Masato and {Sif{\'o}n}, Crist{\'o}bal and {Huang}, Song and
         {Nishizawa}, Atsushi J. and {Medezinski}, Elinor and {Okura}, Yuki and
         {Okabe}, Nobuhiro and {Czakon}, Nicole and {Takahashi}, Ryuichi and
         {Coulton}, William R. and {Hikage}, Chiaki and {Komiyama}, Yutaka and
         {Lupton}, Robert H. and {Strauss}, Michael A. and {Tanaka}, Masayuki and
         {Utsumi}, Yousuke},
        title = "{The first-year shear catalog of the Subaru Hyper Suprime-Cam Subaru Strategic Program Survey}",
      journal = {Publications of the Astronomical Society of Japan},
     keywords = {cosmology: observations, gravitational lensing: weak, methods: data analysis, techniques: image processing, Astrophysics - Cosmology and Nongalactic Astrophysics, Astrophysics - Instrumentation and Methods for Astrophysics},
         year = "2018",
        month = "Jan",
       volume = {70},
          eid = {S25},
        pages = {S25},
          doi = {10.1093/pasj/psx130},
archivePrefix = {arXiv},
       eprint = {1705.06745},
 primaryClass = {astro-ph.CO},
       adsurl = {https://ui.adsabs.harvard.edu/abs/2018PASJ...70S..25M},
      adsnote = {Provided by the SAO/NASA Astrophysics Data System}
}


@ARTICLE{mandelbaum/imsim/etal:2018,
       author = {{Mandelbaum}, Rachel and {Lanusse}, Fran{\c{c}}ois and
         {Leauthaud}, Alexie and {Armstrong}, Robert and {Simet}, Melanie and
         {Miyatake}, Hironao and {Meyers}, Joshua E. and {Bosch}, James and
         {Murata}, Ryoma and {Miyazaki}, Satoshi and {Tanaka}, Masayuki},
        title = "{Weak lensing shear calibration with simulations of the HSC survey}",
      journal = {\mnras},
     keywords = {gravitational lensing: weak, methods: data analysis, methods: numerical, techniques: image processing, Astrophysics - Cosmology and Nongalactic Astrophysics, Astrophysics - Instrumentation and Methods for Astrophysics},
         year = "2018",
        month = "Dec",
       volume = {481},
       number = {3},
        pages = {3170-3195},
          doi = {10.1093/mnras/sty2420},
archivePrefix = {arXiv},
       eprint = {1710.00885},
 primaryClass = {astro-ph.CO},
       adsurl = {https://ui.adsabs.harvard.edu/abs/2018MNRAS.481.3170M},
      adsnote = {Provided by the SAO/NASA Astrophysics Data System}
}





@ARTICLE{joachimi/bridle:2010, 
       author = {{Joachimi}, B. and {Bridle}, S.~L.},
        title = "{Simultaneous measurement of cosmology and intrinsic alignments using joint cosmic shear and galaxy number density correlations}",
      journal = {\aap},
     keywords = {cosmology: theory, gravitational lensing: weak, large-scale structure of the Universe, cosmological parameters, methods: data analysis, Astrophysics - Cosmology and Nongalactic Astrophysics},
         year = "2010",
        month = "Nov",
       volume = {523},
          eid = {A1},
        pages = {A1},
          doi = {10.1051/0004-6361/200913657},
archivePrefix = {arXiv},
       eprint = {0911.2454},
 primaryClass = {astro-ph.CO},
       adsurl = {https://ui.adsabs.harvard.edu/abs/2010A&A...523A...1J},
      adsnote = {Provided by the SAO/NASA Astrophysics Data System}
}


@ARTICLE{abbott/etal:2018,
       author = {{Abbott}, T.~M.~C. and {Abdalla}, F.~B. and {Alarcon}, A. and
         {Aleksi{\'c}}, J. and {Allam}, S. and {Allen}, S. and {Amara}, A. and
         {Annis}, J. and {Asorey}, J. and {Avila}, S. and et al.},
        title = "{Dark Energy Survey year 1 results: Cosmological constraints from galaxy clustering and weak lensing}",
      journal = {\prd},
     keywords = {Astrophysics - Cosmology and Nongalactic Astrophysics},
         year = "2018",
        month = "Aug",
       volume = {98},
       number = {4},
          eid = {043526},
        pages = {043526},
          doi = {10.1103/PhysRevD.98.043526},
archivePrefix = {arXiv},
       eprint = {1708.01530},
 primaryClass = {astro-ph.CO},
       adsurl = {https://ui.adsabs.harvard.edu/abs/2018PhRvD..98d3526A},
      adsnote = {Provided by the SAO/NASA Astrophysics Data System}
}

@ARTICLE{hu/jain:2004,
       author = {{Hu}, Wayne and {Jain}, Bhuvnesh},
        title = "{Joint galaxy-lensing observables and the dark energy}",
      journal = {\prd},
     keywords = {98.65.Dx, 95.35.+d, 98.62.Gq, 98.80.Es, Superclusters, large-scale structure of the Universe, Dark matter, Galactic halos, Observational cosmology, Astrophysics},
         year = "2004",
        month = "Aug",
       volume = {70},
       number = {4},
          eid = {043009},
        pages = {043009},
          doi = {10.1103/PhysRevD.70.043009},
archivePrefix = {arXiv},
       eprint = {astro-ph/0312395},
 primaryClass = {astro-ph},
       adsurl = {https://ui.adsabs.harvard.edu/abs/2004PhRvD..70d3009H},
      adsnote = {Provided by the SAO/NASA Astrophysics Data System}
}

@ARTICLE{zhang/etal:2010,
       author = {{Zhang}, Pengjie and {Pen}, Ue-Li and {Bernstein}, Gary},
        title = "{Self-calibration of photometric redshift scatter in weak-lensing surveys}",
      journal = {\mnras},
     keywords = {gravitational lensing, cosmology: observations, cosmology: theory, large-scale structure of Universe, Astrophysics - Cosmology and Nongalactic Astrophysics},
         year = "2010",
        month = "Jun",
       volume = {405},
       number = {1},
        pages = {359-374},
          doi = {10.1111/j.1365-2966.2010.16445.x},
archivePrefix = {arXiv},
       eprint = {0910.4181},
 primaryClass = {astro-ph.CO},
       adsurl = {https://ui.adsabs.harvard.edu/abs/2010MNRAS.405..359Z},
      adsnote = {Provided by the SAO/NASA Astrophysics Data System}
}

@ARTICLE{vanuitert/etal:2018,
       author = {{van Uitert}, Edo and {Joachimi}, Benjamin and {Joudaki}, Shahab and
         {Amon}, Alexandra and {Heymans}, Catherine and {K{\"o}hlinger}, Fabian and
         {Asgari}, Marika and {Blake}, Chris and {Choi}, Ami and
         {Erben}, Thomas and {Farrow}, Daniel J. and
         {Harnois-D{\'e}raps}, Joachim and {Hildebrandt}, Hendrik and
         {Hoekstra}, Henk and {Kitching}, Thomas D. and {Klaes}, Dominik and
         {Kuijken}, Konrad and {Merten}, Julian and {Miller}, Lance and
         {Nakajima}, Reiko and {Schneider}, Peter and {Valentijn}, Edwin and
         {Viola}, Massimo},
        title = "{KiDS+GAMA: cosmology constraints from a joint analysis of cosmic shear, galaxy-galaxy lensing, and angular clustering}",
      journal = {\mnras},
     keywords = {methods: data analysis, methods: statistical, large-scale structure of Universe, Astrophysics - Cosmology and Nongalactic Astrophysics},
         year = "2018",
        month = "Jun",
       volume = {476},
       number = {4},
        pages = {4662-4689},
          doi = {10.1093/mnras/sty551},
archivePrefix = {arXiv},
       eprint = {1706.05004},
 primaryClass = {astro-ph.CO},
       adsurl = {https://ui.adsabs.harvard.edu/abs/2018MNRAS.476.4662V},
      adsnote = {Provided by the SAO/NASA Astrophysics Data System}
}

@ARTICLE{mandelbaum:2018,
       author = {{Mandelbaum}, Rachel},
        title = "{Weak Lensing for Precision Cosmology}",
      journal = {\araa},
     keywords = {Astrophysics - Cosmology and Nongalactic Astrophysics},
         year = "2018",
        month = "Sep",
       volume = {56},
        pages = {393-433},
          doi = {10.1146/annurev-astro-081817-051928},
archivePrefix = {arXiv},
       eprint = {1710.03235},
 primaryClass = {astro-ph.CO},
       adsurl = {https://ui.adsabs.harvard.edu/abs/2018ARA&A..56..393M},
      adsnote = {Provided by the SAO/NASA Astrophysics Data System}
}


@ARTICLE{drlicawagner/etal:2018,
       author = {{Drlica-Wagner}, A. and {Sevilla-Noarbe}, I. and {Rykoff}, E.~S. and
         {Gruendl}, R.~A. and {Yanny}, B. and {Tucker}, D.~L. and {Hoyle}, B. and
         {Carnero Rosell}, A. and {Bernstein}, G.~M. and {Bechtol}, K. and
         {Becker}, M.~R. and {Benoit-L{\'e}vy}, A. and {Bertin}, E. and
         {Carrasco Kind}, M. and {Davis}, C. and {de Vicente}, J. and
         {Diehl}, H.~T. and {Gruen}, D. and {Hartley}, W.~G. and {Leistedt}, B. and
         {Li}, T.~S. and {Marshall}, J.~L. and {Neilsen}, E. and {Rau}, M.~M. and
         {Sheldon}, E. and {Smith}, J. and {Troxel}, M.~A. and {Wyatt}, S. and
         {Zhang}, Y. and {Abbott}, T.~M.~C. and {Abdalla}, F.~B. and
         {Allam}, S. and {Banerji}, M. and {Brooks}, D. and {Buckley-Geer}, E. and
         {Burke}, D.~L. and {Capozzi}, D. and {Carretero}, J. and
         {Cunha}, C.~E. and {D'Andrea}, C.~B. and {da Costa}, L.~N. and
         {DePoy}, D.~L. and {Desai}, S. and {Dietrich}, J.~P. and {Doel}, P. and
         {Evrard}, A.~E. and {Fausti Neto}, A. and {Flaugher}, B. and
         {Fosalba}, P. and {Frieman}, J. and {Garc{\'\i}a-Bellido}, J. and
         {Gerdes}, D.~W. and {Giannantonio}, T. and {Gschwend}, J. and
         {Gutierrez}, G. and {Honscheid}, K. and {James}, D.~J. and
         {Jeltema}, T. and {Kuehn}, K. and {Kuhlmann}, S. and {Kuropatkin}, N. and
         {Lahav}, O. and {Lima}, M. and {Lin}, H. and {Maia}, M.~A.~G. and
         {Martini}, P. and {McMahon}, R.~G. and {Melchior}, P. and
         {Menanteau}, F. and {Miquel}, R. and {Nichol}, R.~C. and {Ogand
        o}, R.~L.~C. and {Plazas}, A.~A. and {Romer}, A.~K. and {Roodman}, A. and
         {Sanchez}, E. and {Scarpine}, V. and {Schindler}, R. and
         {Schubnell}, M. and {Smith}, M. and {Smith}, R.~C. and
         {Soares-Santos}, M. and {Sobreira}, F. and {Suchyta}, E. and
         {Tarle}, G. and {Vikram}, V. and {Walker}, A.~R. and {Wechsler}, R.~H. and
         {Zuntz}, J. and {DES Collaboration}},
        title = "{Dark Energy Survey Year 1 Results: The Photometric Data Set for Cosmology}",
      journal = {\apjs},
     keywords = {catalogs, cosmology: observations, surveys, techniques: image processing, techniques: photometric, Astrophysics - Cosmology and Nongalactic Astrophysics, Astrophysics - Instrumentation and Methods for Astrophysics},
         year = "2018",
        month = "Apr",
       volume = {235},
       number = {2},
          eid = {33},
        pages = {33},
          doi = {10.3847/1538-4365/aab4f5},
archivePrefix = {arXiv},
       eprint = {1708.01531},
 primaryClass = {astro-ph.CO},
       adsurl = {https://ui.adsabs.harvard.edu/abs/2018ApJS..235...33D},
      adsnote = {Provided by the SAO/NASA Astrophysics Data System}
}




@ARTICLE{aihara/etal:2019,
       author = {{Aihara}, Hiroaki and {AlSayyad}, Yusra and {Ando}, Makoto and
         {Armstrong}, Robert and {Bosch}, James and {Egami}, Eiichi and
         {Furusawa}, Hisanori and {Furusawa}, Junko and {Goulding}, Andy and
         {Harikane}, Yuichi and {Hikage}, Chiaki and {Ho}, Paul T.~P. and
         {Hsieh}, Bau-Ching and {Huang}, Song and {Ikeda}, Hiroyuki and
         {Imanishi}, Masatoshi and {Ito}, Kei and {Iwata}, Ikuru and
         {Jaelani}, Anton T. and {Kakuma}, Ryota and {Kawana}, Kojiro and
         {Kikuta}, Satoshi and {Kobayashi}, Umi and {Koike}, Michitaro and
         {Komiyama}, Yutaka and {Li}, Xiangchong and {Liang}, Yongming and
         {Lin}, Yen-Ting and {Luo}, Wentao and {Lupton}, Robert and
         {Lust}, Nate B. and {MacArthur}, Lauren A. and {Matsuoka}, Yoshiki and
         {Mineo}, Sogo and {Miyatake}, Hironao and {Miyazaki}, Satoshi and
         {More}, Surhud and {Murata}, Ryoma and {Namiki}, Shigeru V. and
         {Nishizawa}, Atsushi J. and {Oguri}, Masamune and {Okabe}, Nobuhiro and
         {Okamoto}, Sakurako and {Okura}, Yuki and {Ono}, Yoshiaki and
         {Onodera}, Masato and {Onoue}, Masafusa and {Osato}, Ken and
         {Ouchi}, Masami and {Shibuya}, Takatoshi and {Strauss}, Michael A. and
         {Sugiyama}, Naoshi and {Suto}, Yasushi and {Takada}, Masahiro and
         {Takagi}, Yuhei and {Takata}, Tadafumi and {Takita}, Satoshi and
         {Tanaka}, Masayuki and {Terai}, Tsuyoshi and {Toba}, Yoshiki and
         {Uchiyama}, Hisakazu and {Utsumi}, Yousuke and {Wang}, Shiang-Yu and
         {Wang}, Wenting and {Yamada}, Yoshihiko},
        title = "{Second data release of the Hyper Suprime-Cam Subaru Strategic Program}",
      journal = {\pasj},
     keywords = {astronomical databases: miscellaneous, cosmology: observations, galaxies: general, surveys, Astrophysics - Instrumentation and Methods for Astrophysics, Astrophysics - Cosmology and Nongalactic Astrophysics, Astrophysics - Astrophysics of Galaxies, Astrophysics - Solar and Stellar Astrophysics},
         year = "2019",
        month = "Oct",
        pages = {106},
          doi = {10.1093/pasj/psz103},
archivePrefix = {arXiv},
       eprint = {1905.12221},
 primaryClass = {astro-ph.IM},
       adsurl = {https://ui.adsabs.harvard.edu/abs/2019PASJ..tmp..106A},
      adsnote = {Provided by the SAO/NASA Astrophysics Data System}
}

@ARTICLE{troester/etal:2020,
       author = {{Tr{\"o}ster}, Tilman and {S{\'a}nchez}, Ariel. G. and {Asgari}, Marika and
         {Blake}, Chris and {Crocce}, Mart{\'\i}n and {Heymans}, Catherine and
         {Hildebrandt}, Hendrik and {Joachimi}, Benjamin and {Joudaki}, Shahab and
         {Kannawadi}, Arun and {Lin}, Chieh-An and {Wright}, Angus},
        title = "{Cosmology from large-scale structure. Constraining {\ensuremath{\Lambda}}CDM with BOSS}",
      journal = {\aap},
     keywords = {large-scale structure of Universe, cosmological parameters, Astrophysics - Cosmology and Nongalactic Astrophysics},
         year = "2020",
        month = "Jan",
       volume = {633},
          eid = {L10},
        pages = {L10},
          doi = {10.1051/0004-6361/201936772},
archivePrefix = {arXiv},
       eprint = {1909.11006},
 primaryClass = {astro-ph.CO},
       adsurl = {https://ui.adsabs.harvard.edu/abs/2020A&A...633L..10T},
      adsnote = {Provided by the SAO/NASA Astrophysics Data System}
}


@ARTICLE{kilbinger:2015,
       author = {{Kilbinger}, Martin},
        title = "{Cosmology with cosmic shear observations: a review}",
      journal = {Reports on Progress in Physics},
     keywords = {Astrophysics - Cosmology and Nongalactic Astrophysics},
         year = "2015",
        month = "Jul",
       volume = {78},
       number = {8},
          eid = {086901},
        pages = {086901},
          doi = {10.1088/0034-4885/78/8/086901},
archivePrefix = {arXiv},
       eprint = {1411.0115},
 primaryClass = {astro-ph.CO},
       adsurl = {https://ui.adsabs.harvard.edu/abs/2015RPPh...78h6901K},
      adsnote = {Provided by the SAO/NASA Astrophysics Data System}
}


@ARTICLE{hoekstra:2004,
       author = {{Hoekstra}, Henk},
        title = "{The effect of imperfect models of point spread function anisotropy on cosmic shear measurements}",
      journal = {\mnras},
     keywords = {gravitational lensing, Astrophysics},
         year = "2004",
        month = "Feb",
       volume = {347},
       number = {4},
        pages = {1337-1344},
          doi = {10.1111/j.1365-2966.2004.07327.x},
archivePrefix = {arXiv},
       eprint = {astro-ph/0306097},
 primaryClass = {astro-ph},
       adsurl = {https://ui.adsabs.harvard.edu/abs/2004MNRAS.347.1337H},
      adsnote = {Provided by the SAO/NASA Astrophysics Data System}
}


@ARTICLE{massey/etal:2013,
       author = {{Massey}, Richard and {Hoekstra}, Henk and {Kitching}, Thomas and
         {Rhodes}, Jason and {Cropper}, Mark and {Amiaux}, J{\'e}r{\^o}me and
         {Harvey}, David and {Mellier}, Yannick and {Meneghetti}, Massimo and
         {Miller}, Lance and {Paulin-Henriksson}, St{\'e}phane and {Pires}, Sand
        rine and {Scaramella}, Roberto and {Schrabback}, Tim},
        title = "{Origins of weak lensing systematics, and requirements on future instrumentation (or knowledge of instrumentation)}",
      journal = {\mnras},
     keywords = {gravitational lensing: weak, instrumentation: detectors, methods: data analysis, space vehicles: instruments, telescopes, cosmological parameters, Astrophysics - Cosmology and Nongalactic Astrophysics, Astrophysics - Instrumentation and Methods for Astrophysics},
         year = "2013",
        month = "Feb",
       volume = {429},
       number = {1},
        pages = {661-678},
          doi = {10.1093/mnras/sts371},
archivePrefix = {arXiv},
       eprint = {1210.7690},
 primaryClass = {astro-ph.CO},
       adsurl = {https://ui.adsabs.harvard.edu/abs/2013MNRAS.429..661M},
      adsnote = {Provided by the SAO/NASA Astrophysics Data System}
}


@ARTICLE{melchior/viola:2012,
       author = {{Melchior}, P. and {Viola}, M.},
        title = "{Means of confusion: how pixel noise affects shear estimates for weak gravitational lensing}",
      journal = {\mnras},
     keywords = {gravitational lensing: weak, techniques: image processing, Astrophysics - Instrumentation and Methods for Astrophysics, Astrophysics - Cosmology and Extragalactic Astrophysics},
         year = "2012",
        month = "Aug",
       volume = {424},
       number = {4},
        pages = {2757-2769},
          doi = {10.1111/j.1365-2966.2012.21381.x},
archivePrefix = {arXiv},
       eprint = {1204.5147},
 primaryClass = {astro-ph.IM},
       adsurl = {https://ui.adsabs.harvard.edu/abs/2012MNRAS.424.2757M},
      adsnote = {Provided by the SAO/NASA Astrophysics Data System}
}


@ARTICLE{refregier/etal:2012,
       author = {{Refregier}, Alexandre and {Kacprzak}, Tomasz and {Amara}, Adam and
         {Bridle}, Sarah and {Rowe}, Barnaby},
        title = "{Noise bias in weak lensing shape measurements}",
      journal = {\mnras},
     keywords = {gravitational lensing: weak, methods: statistical, techniques: image processing, cosmology: observations, dark energy, dark matter, Astrophysics - Cosmology and Nongalactic Astrophysics},
         year = "2012",
        month = "Sep",
       volume = {425},
       number = {3},
        pages = {1951-1957},
          doi = {10.1111/j.1365-2966.2012.21483.x},
archivePrefix = {arXiv},
       eprint = {1203.5050},
 primaryClass = {astro-ph.CO},
       adsurl = {https://ui.adsabs.harvard.edu/abs/2012MNRAS.425.1951R},
      adsnote = {Provided by the SAO/NASA Astrophysics Data System}
}

@ARTICLE{hoekstra/etal:2017,
       author = {{Hoekstra}, Henk and {Viola}, Massimo and {Herbonnet}, Ricardo},
        title = "{A study of the sensitivity of shape measurements to the input parameters of weak-lensing image simulations}",
      journal = {\mnras},
     keywords = {gravitational lensing: weak, dark energy, dark matter, cosmology: observations, Astrophysics - Cosmology and Nongalactic Astrophysics},
         year = "2017",
        month = "Jul",
       volume = {468},
       number = {3},
        pages = {3295-3311},
          doi = {10.1093/mnras/stx724},
archivePrefix = {arXiv},
       eprint = {1609.03281},
 primaryClass = {astro-ph.CO},
       adsurl = {https://ui.adsabs.harvard.edu/abs/2017MNRAS.468.3295H},
      adsnote = {Provided by the SAO/NASA Astrophysics Data System}
}

@ARTICLE{euclidcollab/etal:2019,
       author = {{Euclid Collaboration} and {Martinet}, N. and {Schrabback}, T. and
         {Hoekstra}, H. and {Tewes}, M. and {Herbonnet}, R. and {Schneider}, P. and
         {Hernandez-Martin}, B. and {Taylor}, A.~N. and {Brinchmann}, J. and
         {Carvalho}, C.~S. and {Castellano}, M. and {Congedo}, G. and
         {Gillis}, B.~R. and {Jullo}, E. and {K{\"u}mmel}, M. and {Ligori}, S. and
         {Lilje}, P.~B. and {Padilla}, C. and {Paris}, D. and {Peacock}, J.~A. and
         {Pilo}, S. and {Pujol}, A. and {Scott}, D. and {Toledo-Moreo}, R.},
        title = "{Euclid preparation. IV. Impact of undetected galaxies on weak-lensing shear measurements}",
      journal = {\aap},
     keywords = {gravitational lensing: weak, cosmology: observationsxs, surveys, Astrophysics - Cosmology and Nongalactic Astrophysics},
         year = "2019",
        month = "Jul",
       volume = {627},
          eid = {A59},
        pages = {A59},
          doi = {10.1051/0004-6361/201935187},
archivePrefix = {arXiv},
       eprint = {1902.00044},
 primaryClass = {astro-ph.CO},
       adsurl = {https://ui.adsabs.harvard.edu/abs/2019A&A...627A..59E},
      adsnote = {Provided by the SAO/NASA Astrophysics Data System}
}


@ARTICLE{antilogus/etal:2014,
       author = {{Antilogus}, P. and {Astier}, P. and {Doherty}, P. and {Guyonnet}, A. and
         {Regnault}, N.},
        title = "{The brighter-fatter effect and pixel correlations in CCD sensors}",
      journal = {Journal of Instrumentation},
     keywords = {Astrophysics - Instrumentation and Methods for Astrophysics},
         year = "2014",
        month = "Mar",
       volume = {9},
       number = {3},
          eid = {C03048},
        pages = {C03048},
          doi = {10.1088/1748-0221/9/03/C03048},
archivePrefix = {arXiv},
       eprint = {1402.0725},
 primaryClass = {astro-ph.IM},
       adsurl = {https://ui.adsabs.harvard.edu/abs/2014JInst...9C3048A},
      adsnote = {Provided by the SAO/NASA Astrophysics Data System}
}


@ARTICLE{voigt/etal:2012,
       author = {{Voigt}, L.~M. and {Bridle}, S.~L. and {Amara}, A. and {Cropper}, M. and
         {Kitching}, T.~D. and {Massey}, R. and {Rhodes}, J. and
         {Schrabback}, T.},
        title = "{The impact of galaxy colour gradients on cosmic shear measurement}",
      journal = {\mnras},
     keywords = {gravitational lensing: weak, cosmology: observations, large scale structure of Universe, Astrophysics - Cosmology and Nongalactic Astrophysics},
         year = "2012",
        month = "Apr",
       volume = {421},
       number = {2},
        pages = {1385-1398},
          doi = {10.1111/j.1365-2966.2011.20395.x},
archivePrefix = {arXiv},
       eprint = {1105.5595},
 primaryClass = {astro-ph.CO},
       adsurl = {https://ui.adsabs.harvard.edu/abs/2012MNRAS.421.1385V},
      adsnote = {Provided by the SAO/NASA Astrophysics Data System}
}


@ARTICLE{voigt/bridle:2010,
       author = {{Voigt}, L.~M. and {Bridle}, S.~L.},
        title = "{Limitations of model-fitting methods for lensing shear estimation}",
      journal = {\mnras},
     keywords = {gravitational lensing, methods: data analysis, cosmology: observations, Astrophysics - Cosmology and Nongalactic Astrophysics},
         year = "2010",
        month = "May",
       volume = {404},
       number = {1},
        pages = {458-467},
          doi = {10.1111/j.1365-2966.2010.16300.x},
archivePrefix = {arXiv},
       eprint = {0905.4801},
 primaryClass = {astro-ph.CO},
       adsurl = {https://ui.adsabs.harvard.edu/abs/2010MNRAS.404..458V},
      adsnote = {Provided by the SAO/NASA Astrophysics Data System}
}



@ARTICLE{aihara/etal:2018,
       author = {{Aihara}, Hiroaki and {Arimoto}, Nobuo and {Armstrong}, Robert and
         {Arnouts}, St{\'e}phane and {Bahcall}, Neta A. and {Bickerton}, Steven and
         {Bosch}, James and {Bundy}, Kevin and {Capak}, Peter L. and
         {Chan}, James H.~H. and {Chiba}, Masashi and {Coupon}, Jean and
         {Egami}, Eiichi and {Enoki}, Motohiro and {Finet}, Francois and
         {Fujimori}, Hiroki and {Fujimoto}, Seiji and {Furusawa}, Hisanori and
         {Furusawa}, Junko and {Goto}, Tomotsugu and {Goulding}, Andy and
         {Greco}, Johnny P. and {Greene}, Jenny E. and {Gunn}, James E. and
         {Hamana}, Takashi and {Harikane}, Yuichi and {Hashimoto}, Yasuhiro and
         {Hattori}, Takashi and {Hayashi}, Masao and {Hayashi}, Yusuke and
         {He{\l}miniak}, Krzysztof G. and {Higuchi}, Ryo and {Hikage}, Chiaki and
         {Ho}, Paul T.~P. and {Hsieh}, Bau-Ching and {Huang}, Kuiyun and
         {Huang}, Song and {Ikeda}, Hiroyuki and {Imanishi}, Masatoshi and
         {Inoue}, Akio K. and {Iwasawa}, Kazushi and {Iwata}, Ikuru and
         {Jaelani}, Anton T. and {Jian}, Hung-Yu and {Kamata}, Yukiko and
         {Karoji}, Hiroshi and {Kashikawa}, Nobunari and {Katayama}, Nobuhiko and
         {Kawanomoto}, Satoshi and {Kayo}, Issha and {Koda}, Jin and
         {Koike}, Michitaro and {Kojima}, Takashi and {Komiyama}, Yutaka and
         {Konno}, Akira and {Koshida}, Shintaro and {Koyama}, Yusei and
         {Kusakabe}, Haruka and {Leauthaud}, Alexie and {Lee}, Chien-Hsiu and
         {Lin}, Lihwai and {Lin}, Yen-Ting and {Lupton}, Robert H. and {Mand
        elbaum}, Rachel and {Matsuoka}, Yoshiki and {Medezinski}, Elinor and
         {Mineo}, Sogo and {Miyama}, Shoken and {Miyatake}, Hironao and
         {Miyazaki}, Satoshi and {Momose}, Rieko and {More}, Anupreeta and
         {More}, Surhud and {Moritani}, Yuki and {Moriya}, Takashi J. and
         {Morokuma}, Tomoki and {Mukae}, Shiro and {Murata}, Ryoma and
         {Murayama}, Hitoshi and {Nagao}, Tohru and {Nakata}, Fumiaki and
         {Niida}, Mana and {Niikura}, Hiroko and {Nishizawa}, Atsushi J. and
         {Obuchi}, Yoshiyuki and {Oguri}, Masamune and {Oishi}, Yukie and
         {Okabe}, Nobuhiro and {Okamoto}, Sakurako and {Okura}, Yuki and
         {Ono}, Yoshiaki and {Onodera}, Masato and {Onoue}, Masafusa and
         {Osato}, Ken and {Ouchi}, Masami and {Price}, Paul A. and
         {Pyo}, Tae-Soo and {Sako}, Masao and {Sawicki}, Marcin and
         {Shibuya}, Takatoshi and {Shimasaku}, Kazuhiro and {Shimono}, Atsushi and
         {Shirasaki}, Masato and {Silverman}, John D. and {Simet}, Melanie and
         {Speagle}, Joshua and {Spergel}, David N. and {Strauss}, Michael A. and
         {Sugahara}, Yuma and {Sugiyama}, Naoshi and {Suto}, Yasushi and
         {Suyu}, Sherry H. and {Suzuki}, Nao and {Tait}, Philip J. and
         {Takada}, Masahiro and {Takata}, Tadafumi and {Tamura}, Naoyuki and
         {Tanaka}, Manobu M. and {Tanaka}, Masaomi and {Tanaka}, Masayuki and
         {Tanaka}, Yoko and {Terai}, Tsuyoshi and {Terashima}, Yuichi and
         {Toba}, Yoshiki and {Tominaga}, Nozomu and {Toshikawa}, Jun and
         {Turner}, Edwin L. and {Uchida}, Tomohisa and {Uchiyama}, Hisakazu and
         {Umetsu}, Keiichi and {Uraguchi}, Fumihiro and {Urata}, Yuji and
         {Usuda}, Tomonori and {Utsumi}, Yousuke and {Wang}, Shiang-Yu and
         {Wang}, Wei-Hao and {Wong}, Kenneth C. and {Yabe}, Kiyoto and
         {Yamada}, Yoshihiko and {Yamanoi}, Hitomi and {Yasuda}, Naoki and
         {Yeh}, Sherry and {Yonehara}, Atsunori and {Yuma}, Suraphong},
        title = "{The Hyper Suprime-Cam SSP Survey: Overview and survey design}",
      journal = {\pasj},
     keywords = {cosmology: observations, galaxies: general, large-scale structure of universe, surveys, Astrophysics - Instrumentation and Methods for Astrophysics},
         year = "2018",
        month = "Jan",
       volume = {70},
          eid = {S4},
        pages = {S4},
          doi = {10.1093/pasj/psx066},
archivePrefix = {arXiv},
       eprint = {1704.05858},
 primaryClass = {astro-ph.IM},
       adsurl = {https://ui.adsabs.harvard.edu/abs/2018PASJ...70S...4A},
      adsnote = {Provided by the SAO/NASA Astrophysics Data System}
}

@ARTICLE{sheldon/huff:2017,
       author = {{Sheldon}, Erin S. and {Huff}, Eric M.},
        title = "{Practical Weak-lensing Shear Measurement with Metacalibration}",
      journal = {\apj},
     keywords = {cosmology: observations, gravitational lensing: weak, methods: observational, Astrophysics - Cosmology and Nongalactic Astrophysics},
         year = "2017",
        month = "May",
       volume = {841},
       number = {1},
          eid = {24},
        pages = {24},
          doi = {10.3847/1538-4357/aa704b},
archivePrefix = {arXiv},
       eprint = {1702.02601},
 primaryClass = {astro-ph.CO},
       adsurl = {https://ui.adsabs.harvard.edu/abs/2017ApJ...841...24S},
      adsnote = {Provided by the SAO/NASA Astrophysics Data System}
}


@ARTICLE{huff/mandelbaum:2017,
       author = {{Huff}, Eric and {Mandelbaum}, Rachel},
        title = "{Metacalibration: Direct Self-Calibration of Biases in Shear Measurement}",
      journal = {arXiv e-prints},
     keywords = {Astrophysics - Cosmology and Nongalactic Astrophysics},
         year = "2017",
        month = "Feb",
          eid = {arXiv:1702.02600},
        pages = {arXiv:1702.02600},
archivePrefix = {arXiv},
       eprint = {1702.02600},
 primaryClass = {astro-ph.CO},
       adsurl = {https://ui.adsabs.harvard.edu/abs/2017arXiv170202600H},
      adsnote = {Provided by the SAO/NASA Astrophysics Data System}
}

@ARTICLE{kannawadi/etal:2019,
       author = {{Kannawadi}, Arun and {Hoekstra}, Henk and {Miller}, Lance and
         {Viola}, Massimo and {Fenech Conti}, Ian and {Herbonnet}, Ricardo and
         {Erben}, Thomas and {Heymans}, Catherine and {Hildebrandt}, Hendrik and
         {Kuijken}, Konrad and {Vakili}, Mohammadjavad and {Wright}, Angus H.},
        title = "{Towards emulating cosmic shear data: revisiting the calibration of the shear measurements for the Kilo-Degree Survey}",
      journal = {\aap},
     keywords = {gravitational lensing: weak, cosmology: observations, large-scale structure of Universe, cosmological parameters, Astrophysics - Cosmology and Nongalactic Astrophysics},
         year = "2019",
        month = "Apr",
       volume = {624},
          eid = {A92},
        pages = {A92},
          doi = {10.1051/0004-6361/201834819},
archivePrefix = {arXiv},
       eprint = {1812.03983},
 primaryClass = {astro-ph.CO},
       adsurl = {https://ui.adsabs.harvard.edu/abs/2019A&A...624A..92K},
      adsnote = {Provided by the SAO/NASA Astrophysics Data System}
}


@ARTICLE{samuroff/etal:2018,
       author = {{Samuroff}, S. and {Bridle}, S.~L. and {Zuntz}, J. and {Troxel}, M.~A. and
         {Gruen}, D. and {Rollins}, R.~P. and {Bernstein}, G.~M. and
         {Eifler}, T.~F. and {Huff}, E.~M. and {Kacprzak}, T. and {Krause}, E. and
         {MacCrann}, N. and {Abdalla}, F.~B. and {Allam}, S. and {Annis}, J. and
         {Bechtol}, K. and {Benoit-L{\'e}vy}, A. and {Bertin}, E. and
         {Brooks}, D. and {Buckley-Geer}, E. and {Carnero Rosell}, A. and
         {Carrasco Kind}, M. and {Carretero}, J. and {Crocce}, M. and
         {D'Andrea}, C.~B. and {da Costa}, L.~N. and {Davis}, C. and
         {Desai}, S. and {Doel}, P. and {Fausti Neto}, A. and {Flaugher}, B. and
         {Fosalba}, P. and {Frieman}, J. and {Garc{\'\i}a-Bellido}, J. and
         {Gerdes}, D.~W. and {Gruendl}, R.~A. and {Gschwend}, J. and
         {Gutierrez}, G. and {Honscheid}, K. and {James}, D.~J. and
         {Jarvis}, M. and {Jeltema}, T. and {Kirk}, D. and {Kuehn}, K. and
         {Kuhlmann}, S. and {Li}, T.~S. and {Lima}, M. and {Maia}, M.~A.~G. and
         {March}, M. and {Marshall}, J.~L. and {Martini}, P. and {Melchior}, P. and
         {Menanteau}, F. and {Miquel}, R. and {Nord}, B. and {Ogando}, R.~L.~C. and
         {Plazas}, A.~A. and {Roodman}, A. and {Sanchez}, E. and {Scarpine}, V. and
         {Schindler}, R. and {Schubnell}, M. and {Sevilla-Noarbe}, I. and
         {Sheldon}, E. and {Smith}, M. and {Soares-Santos}, M. and
         {Sobreira}, F. and {Suchyta}, E. and {Tarle}, G. and {Thomas}, D. and
         {Tucker}, D.~L. and {DES Collaboration}},
        title = "{Dark Energy Survey Year 1 results: the impact of galaxy neighbours on weak lensing cosmology with IM3SHAPE}",
      journal = {\mnras},
     keywords = {gravitational lensing: weak, galaxies: statistics, cosmological parameters, cosmology: observations, Astrophysics - Cosmology and Nongalactic Astrophysics},
         year = "2018",
        month = "Apr",
       volume = {475},
       number = {4},
        pages = {4524-4543},
          doi = {10.1093/mnras/stx3282},
archivePrefix = {arXiv},
       eprint = {1708.01534},
 primaryClass = {astro-ph.CO},
       adsurl = {https://ui.adsabs.harvard.edu/abs/2018MNRAS.475.4524S},
      adsnote = {Provided by the SAO/NASA Astrophysics Data System}
}

@ARTICLE{heymans/etal:2006,
       author = {{Heymans}, Catherine and {Van Waerbeke}, Ludovic and {Bacon}, David and
         {Berge}, Joel and {Bernstein}, Gary and {Bertin}, Emmanuel and
         {Bridle}, Sarah and {Brown}, Michael L. and {Clowe}, Douglas and
         {Dahle}, H{\r{a}}kon and {Erben}, Thomas and {Gray}, Meghan and
         {Hetterscheidt}, Marco and {Hoekstra}, Henk and {Hudelot}, Patrick and
         {Jarvis}, Mike and {Kuijken}, Konrad and {Margoniner}, Vera and
         {Massey}, Richard and {Mellier}, Yannick and {Nakajima}, Reiko and
         {Refregier}, Alexandre and {Rhodes}, Jason and {Schrabback}, Tim and
         {Wittman}, David},
        title = "{The Shear Testing Programme - I. Weak lensing analysis of simulated ground-based observations}",
      journal = {\mnras},
     keywords = {gravitational lensing, cosmology: observations, large-scale structure of Universe, Astrophysics},
         year = "2006",
        month = "May",
       volume = {368},
       number = {3},
        pages = {1323-1339},
          doi = {10.1111/j.1365-2966.2006.10198.x},
archivePrefix = {arXiv},
       eprint = {astro-ph/0506112},
 primaryClass = {astro-ph},
       adsurl = {https://ui.adsabs.harvard.edu/abs/2006MNRAS.368.1323H},
      adsnote = {Provided by the SAO/NASA Astrophysics Data System}
}

@ARTICLE{flaugher/etal:2015,
       author = {{Flaugher}, B. and {Diehl}, H.~T. and {Honscheid}, K. and
         {Abbott}, T.~M.~C. and {Alvarez}, O. and {Angstadt}, R. and
         {Annis}, J.~T. and {Antonik}, M. and {Ballester}, O. and
         {Beaufore}, L. and {Bernstein}, G.~M. and {Bernstein}, R.~A. and
         {Bigelow}, B. and {Bonati}, M. and {Boprie}, D. and {Brooks}, D. and
         {Buckley-Geer}, E.~J. and {Campa}, J. and {Cardiel-Sas}, L. and {Castand
        er}, F.~J. and {Castilla}, J. and {Cease}, H. and {Cela-Ruiz}, J.~M. and
         {Chappa}, S. and {Chi}, E. and {Cooper}, C. and {da Costa}, L.~N. and
         {Dede}, E. and {Derylo}, G. and {DePoy}, D.~L. and {de Vicente}, J. and
         {Doel}, P. and {Drlica-Wagner}, A. and {Eiting}, J. and
         {Elliott}, A.~E. and {Emes}, J. and {Estrada}, J. and
         {Fausti Neto}, A. and {Finley}, D.~A. and {Flores}, R. and
         {Frieman}, J. and {Gerdes}, D. and {Gladders}, M.~D. and {Gregory}, B. and
         {Gutierrez}, G.~R. and {Hao}, J. and {Holland}, S.~E. and {Holm}, S. and
         {Huffman}, D. and {Jackson}, C. and {James}, D.~J. and {Jonas}, M. and
         {Karcher}, A. and {Karliner}, I. and {Kent}, S. and {Kessler}, R. and
         {Kozlovsky}, M. and {Kron}, R.~G. and {Kubik}, D. and {Kuehn}, K. and
         {Kuhlmann}, S. and {Kuk}, K. and {Lahav}, O. and {Lathrop}, A. and
         {Lee}, J. and {Levi}, M.~E. and {Lewis}, P. and {Li}, T.~S. and {Mand
        richenko}, I. and {Marshall}, J.~L. and {Martinez}, G. and
         {Merritt}, K.~W. and {Miquel}, R. and {Mu{\~n}oz}, F. and
         {Neilsen}, E.~H. and {Nichol}, R.~C. and {Nord}, B. and {Ogando}, R. and
         {Olsen}, J. and {Palaio}, N. and {Patton}, K. and {Peoples}, J. and
         {Plazas}, A.~A. and {Rauch}, J. and {Reil}, K. and {Rheault}, J. -P. and
         {Roe}, N.~A. and {Rogers}, H. and {Roodman}, A. and {Sanchez}, E. and
         {Scarpine}, V. and {Schindler}, R.~H. and {Schmidt}, R. and
         {Schmitt}, R. and {Schubnell}, M. and {Schultz}, K. and {Schurter}, P. and
         {Scott}, L. and {Serrano}, S. and {Shaw}, T.~M. and {Smith}, R.~C. and
         {Soares-Santos}, M. and {Stefanik}, A. and {Stuermer}, W. and
         {Suchyta}, E. and {Sypniewski}, A. and {Tarle}, G. and {Thaler}, J. and
         {Tighe}, R. and {Tran}, C. and {Tucker}, D. and {Walker}, A.~R. and
         {Wang}, G. and {Watson}, M. and {Weaverdyck}, C. and {Wester}, W. and
         {Woods}, R. and {Yanny}, B. and {DES Collaboration}},
        title = "{The Dark Energy Camera}",
      journal = {\aj},
     keywords = {atlases, catalogs, cosmology: observations, instrumentation: detectors, instrumentation: photometers, surveys, Astrophysics - Instrumentation and Methods for Astrophysics},
         year = "2015",
        month = "Nov",
       volume = {150},
       number = {5},
          eid = {150},
        pages = {150},
          doi = {10.1088/0004-6256/150/5/150},
archivePrefix = {arXiv},
       eprint = {1504.02900},
 primaryClass = {astro-ph.IM},
       adsurl = {https://ui.adsabs.harvard.edu/abs/2015AJ....150..150F},
      adsnote = {Provided by the SAO/NASA Astrophysics Data System}
}


@ARTICLE{miyazaki/etal:2018,
       author = {{Miyazaki}, Satoshi and {Komiyama}, Yutaka and {Kawanomoto}, Satoshi and
         {Doi}, Yoshiyuki and {Furusawa}, Hisanori and {Hamana}, Takashi and
         {Hayashi}, Yusuke and {Ikeda}, Hiroyuki and {Kamata}, Yukiko and
         {Karoji}, Hiroshi and {Koike}, Michitaro and {Kurakami}, Tomio and
         {Miyama}, Shoken and {Morokuma}, Tomoki and {Nakata}, Fumiaki and
         {Namikawa}, Kazuhito and {Nakaya}, Hidehiko and {Nariai}, Kyoji and
         {Obuchi}, Yoshiyuki and {Oishi}, Yukie and {Okada}, Norio and
         {Okura}, Yuki and {Tait}, Philip and {Takata}, Tadafumi and
         {Tanaka}, Yoko and {Tanaka}, Masayuki and {Terai}, Tsuyoshi and
         {Tomono}, Daigo and {Uraguchi}, Fumihiro and {Usuda}, Tomonori and
         {Utsumi}, Yousuke and {Yamada}, Yoshihiko and {Yamanoi}, Hitomi and
         {Aihara}, Hiroaki and {Fujimori}, Hiroki and {Mineo}, Sogo and
         {Miyatake}, Hironao and {Oguri}, Masamune and {Uchida}, Tomohisa and
         {Tanaka}, Manobu M. and {Yasuda}, Naoki and {Takada}, Masahiro and
         {Murayama}, Hitoshi and {Nishizawa}, Atsushi J. and {Sugiyama}, Naoshi and
         {Chiba}, Masashi and {Futamase}, Toshifumi and {Wang}, Shiang-Yu and
         {Chen}, Hsin-Yo and {Ho}, Paul T.~P. and {Liaw}, Eric J.~Y. and
         {Chiu}, Chi-Fang and {Ho}, Cheng-Lin and {Lai}, Tsang-Chih and
         {Lee}, Yao-Cheng and {Jeng}, Dun-Zen and {Iwamura}, Satoru and
         {Armstrong}, Robert and {Bickerton}, Steve and {Bosch}, James and
         {Gunn}, James E. and {Lupton}, Robert H. and {Loomis}, Craig and
         {Price}, Paul and {Smith}, Steward and {Strauss}, Michael A. and
         {Turner}, Edwin L. and {Suzuki}, Hisanori and {Miyazaki}, Yasuhito and
         {Muramatsu}, Masaharu and {Yamamoto}, Koei and {Endo}, Makoto and
         {Ezaki}, Yutaka and {Ito}, Noboru and {Kawaguchi}, Noboru and
         {Sofuku}, Satoshi and {Taniike}, Tomoaki and {Akutsu}, Kotaro and
         {Dojo}, Naoto and {Kasumi}, Kazuyuki and {Matsuda}, Toru and
         {Imoto}, Kohei and {Miwa}, Yoshinori and {Suzuki}, Masayuki and
         {Takeshi}, Kunio and {Yokota}, Hideo},
        title = "{Hyper Suprime-Cam: System design and verification of image quality}",
      journal = {\pasj},
     keywords = {instrumentation: detectors, techniques: image processing, telescopes},
         year = "2018",
        month = "Jan",
       volume = {70},
          eid = {S1},
        pages = {S1},
          doi = {10.1093/pasj/psx063},
       adsurl = {https://ui.adsabs.harvard.edu/abs/2018PASJ...70S...1M},
      adsnote = {Provided by the SAO/NASA Astrophysics Data System}
}


@INBOOK{aune/etal:2003,
       author = {{Aune}, Stephan and {Boulade}, Olivier and {Charlot}, Xavier and
         {Abbon}, P. and {Borgeaud}, Pierre and {Carton}, Pierre-Henri and
         {Carty}, M. and {Da Costa}, J. and {Desforge}, D. and {Deschamps}, H. and
         {Eppell{\'e}}, Dominique and {Gallais}, Pascal and {Gosset}, L. and
         {Granelli}, Remy and {Gros}, Michel and {de Kat}, Jean and
         {Loiseau}, Denis and {Ritou}, J.~L. and {Rouss{\'e}}, Jean Y. and
         {Starzynski}, Pierre and {Vignal}, Nicolas and {Vigroux}, Laurent G.},
        title = "{The CFHT MegaCam 40 CCDs camera: cryogenic design and CCD integration}",
    booktitle = {\procspie},
         year = "2003",
       editor = {{Iye}, Masanori and {Moorwood}, Alan F.~M.},
       volume = {4841},
       series = {Society of Photo-Optical Instrumentation Engineers (SPIE) Conference Series},
        pages = {513-524},
          doi = {10.1117/12.460340},
       adsurl = {https://ui.adsabs.harvard.edu/abs/2003SPIE.4841..513A},
      adsnote = {Provided by the SAO/NASA Astrophysics Data System}
}



@ARTICLE{rowe/etal:2015,
       author = {{Rowe}, B.~T.~P. and {Jarvis}, M. and {Mandelbaum}, R. and
         {Bernstein}, G.~M. and {Bosch}, J. and {Simet}, M. and {Meyers}, J.~E. and
         {Kacprzak}, T. and {Nakajima}, R. and {Zuntz}, J. and {Miyatake}, H. and
         {Dietrich}, J.~P. and {Armstrong}, R. and {Melchior}, P. and
         {Gill}, M.~S.~S.},
        title = "{GALSIM: The modular galaxy image simulation toolkit}",
      journal = {Astronomy and Computing},
     keywords = {Methods: data analysis, Techniques: image processing, Gravitational lensing, Cosmology: observations, Astrophysics - Instrumentation and Methods for Astrophysics, Astrophysics - Cosmology and Nongalactic Astrophysics, 85-04},
         year = "2015",
        month = "Apr",
       volume = {10},
        pages = {121-150},
          doi = {10.1016/j.ascom.2015.02.002},
archivePrefix = {arXiv},
       eprint = {1407.7676},
 primaryClass = {astro-ph.IM},
       adsurl = {https://ui.adsabs.harvard.edu/abs/2015A&C....10..121R},
      adsnote = {Provided by the SAO/NASA Astrophysics Data System}
}


@ARTICLE{massey/etal:2007,
       author = {{Massey}, Richard and {Heymans}, Catherine and {Berg{\'e}}, Joel and
         {Bernstein}, Gary and {Bridle}, Sarah and {Clowe}, Douglas and
         {Dahle}, H{\r{a}}kon and {Ellis}, Richard and {Erben}, Thomas and
         {Hetterscheidt}, Marco and {High}, F. William and
         {Hirata}, Christopher and {Hoekstra}, Henk and {Hudelot}, Patrick and
         {Jarvis}, Mike and {Johnston}, David and {Kuijken}, Konrad and
         {Margoniner}, Vera and {Mandelbaum}, Rachel and {Mellier}, Yannick and
         {Nakajima}, Reiko and {Paulin-Henriksson}, Stephane and
         {Peeples}, Molly and {Roat}, Chris and {Refregier}, Alexandre and
         {Rhodes}, Jason and {Schrabback}, Tim and {Schirmer}, Mischa and
         {Seljak}, Uro{\v{s}} and {Semboloni}, Elisabetta and
         {van Waerbeke}, Ludovic},
        title = "{The Shear Testing Programme 2: Factors affecting high-precision weak-lensing analyses}",
      journal = {\mnras},
     keywords = {gravitational lensing, methods: data analysis, cosmology: observations, Astrophysics},
         year = "2007",
        month = "Mar",
       volume = {376},
       number = {1},
        pages = {13-38},
          doi = {10.1111/j.1365-2966.2006.11315.x},
archivePrefix = {arXiv},
       eprint = {astro-ph/0608643},
 primaryClass = {astro-ph},
       adsurl = {https://ui.adsabs.harvard.edu/abs/2007MNRAS.376...13M},
      adsnote = {Provided by the SAO/NASA Astrophysics Data System}
}


@ARTICLE{miller/etal:2013,
       author = {{Miller}, L. and {Heymans}, C. and {Kitching}, T.~D. and
         {van Waerbeke}, L. and {Erben}, T. and {Hildebrandt}, H. and
         {Hoekstra}, H. and {Mellier}, Y. and {Rowe}, B.~T.~P. and {Coupon}, J. and
         {Dietrich}, J.~P. and {Fu}, L. and {Harnois-D{\'e}raps}, J. and
         {Hudson}, M.~J. and {Kilbinger}, M. and {Kuijken}, K. and
         {Schrabback}, T. and {Semboloni}, E. and {Vafaei}, S. and {Veland
        er}, M.},
        title = "{Bayesian galaxy shape measurement for weak lensing surveys - III. Application to the Canada-France-Hawaii Telescope Lensing Survey}",
      journal = {\mnras},
     keywords = {gravitational lensing: weak, methods: data analysis, methods: statistical, cosmology: observations, Astrophysics - Cosmology and Extragalactic Astrophysics},
         year = "2013",
        month = "Mar",
       volume = {429},
       number = {4},
        pages = {2858-2880},
          doi = {10.1093/mnras/sts454},
archivePrefix = {arXiv},
       eprint = {1210.8201},
 primaryClass = {astro-ph.CO},
       adsurl = {https://ui.adsabs.harvard.edu/abs/2013MNRAS.429.2858M},
      adsnote = {Provided by the SAO/NASA Astrophysics Data System}
}


@ARTICLE{fenechconti/etal:2017,
       author = {{Fenech Conti}, I. and {Herbonnet}, R. and {Hoekstra}, H. and
         {Merten}, J. and {Miller}, L. and {Viola}, M.},
        title = "{Calibration of weak-lensing shear in the Kilo-Degree Survey}",
      journal = {\mnras},
     keywords = {gravitational lensing: weak, surveys, cosmology: observations, Astrophysics - Cosmology and Nongalactic Astrophysics, Astrophysics - Instrumentation and Methods for Astrophysics},
         year = "2017",
        month = "May",
       volume = {467},
       number = {2},
        pages = {1627-1651},
          doi = {10.1093/mnras/stx200},
archivePrefix = {arXiv},
       eprint = {1606.05337},
 primaryClass = {astro-ph.CO},
       adsurl = {https://ui.adsabs.harvard.edu/abs/2017MNRAS.467.1627F},
      adsnote = {Provided by the SAO/NASA Astrophysics Data System}
}

@ARTICLE{zuntz/etal:2013,
       author = {{Zuntz}, Joe and {Kacprzak}, Tomasz and {Voigt}, Lisa and
         {Hirsch}, Michael and {Rowe}, Barnaby and {Bridle}, Sarah},
        title = "{IM3SHAPE: a maximum likelihood galaxy shear measurement code for cosmic gravitational lensing}",
      journal = {\mnras},
     keywords = {gravitational lensing: weak, methods: data analysis, methods: statistical, techniques: image processing, cosmology: observations, dark energy, Astrophysics - Cosmology and Nongalactic Astrophysics},
         year = "2013",
        month = "Sep",
       volume = {434},
       number = {2},
        pages = {1604-1618},
          doi = {10.1093/mnras/stt1125},
archivePrefix = {arXiv},
       eprint = {1302.0183},
 primaryClass = {astro-ph.CO},
       adsurl = {https://ui.adsabs.harvard.edu/abs/2013MNRAS.434.1604Z},
      adsnote = {Provided by the SAO/NASA Astrophysics Data System}
}

@ARTICLE{sheldon:2014,
       author = {{Sheldon}, E.~S.},
        title = "{An implementation of Bayesian lensing shear measurement.}",
      journal = {\mnras},
     keywords = {gravitational lensing: weak, cosmology: observations, dark energy, Astrophysics - Cosmology and Nongalactic Astrophysics},
         year = "2014",
        month = "Oct",
       volume = {444},
        pages = {L25-L29},
          doi = {10.1093/mnrasl/slu104},
archivePrefix = {arXiv},
       eprint = {1403.7669},
 primaryClass = {astro-ph.CO},
       adsurl = {https://ui.adsabs.harvard.edu/abs/2014MNRAS.444L..25S},
      adsnote = {Provided by the SAO/NASA Astrophysics Data System}
}


@ARTICLE{melchior/etal:2010,
       author = {{Melchior}, P. and {B{\"o}hnert}, A. and {Lombardi}, M. and
         {Bartelmann}, M.},
        title = "{Limitations on shapelet-based weak-lensing measurements}",
      journal = {\aap},
     keywords = {gravitational lensing: weak, techniques: image processing, methods: numerical, Astrophysics - Instrumentation and Methods for Astrophysics, Astrophysics - Cosmology and Nongalactic Astrophysics},
         year = "2010",
        month = "Feb",
       volume = {510},
          eid = {A75},
        pages = {A75},
          doi = {10.1051/0004-6361/200912785},
archivePrefix = {arXiv},
       eprint = {0906.5092},
 primaryClass = {astro-ph.IM},
       adsurl = {https://ui.adsabs.harvard.edu/abs/2010A&A...510A..75M},
      adsnote = {Provided by the SAO/NASA Astrophysics Data System}
}

@ARTICLE{sheldon/etal:2019,
       author = {{Sheldon}, Erin S. and {Becker}, Matthew R. and {MacCrann}, Niall and
         {Jarvis}, Michael},
        title = "{Metadetection: Mitigating Shear-dependent Object Detection Biases with Metacalibration}",
      journal = {arXiv e-prints},
     keywords = {Astrophysics - Cosmology and Nongalactic Astrophysics},
         year = "2019",
        month = "Nov",
          eid = {arXiv:1911.02505},
        pages = {arXiv:1911.02505},
archivePrefix = {arXiv},
       eprint = {1911.02505},
 primaryClass = {astro-ph.CO},
       adsurl = {https://ui.adsabs.harvard.edu/abs/2019arXiv191102505S},
      adsnote = {Provided by the SAO/NASA Astrophysics Data System}
}


@ARTICLE{hirata/seljak:2003,
       author = {{Hirata}, Christopher and {Seljak}, Uro{\v{s}}},
        title = "{Shear calibration biases in weak-lensing surveys}",
      journal = {\mnras},
     keywords = {gravitational lensing, methods: data analysis, Astrophysics},
         year = "2003",
        month = "Aug",
       volume = {343},
       number = {2},
        pages = {459-480},
          doi = {10.1046/j.1365-8711.2003.06683.x},
archivePrefix = {arXiv},
       eprint = {astro-ph/0301054},
 primaryClass = {astro-ph},
       adsurl = {https://ui.adsabs.harvard.edu/abs/2003MNRAS.343..459H},
      adsnote = {Provided by the SAO/NASA Astrophysics Data System}
}

@ARTICLE{asgari/etal:2019,
       author = {{Asgari}, Marika and {Heymans}, Catherine and {Hildebrandt}, Hendrik and
         {Miller}, Lance and {Schneider}, Peter and {Amon}, Alexandra and
         {Choi}, Ami and {Erben}, Thomas and {Georgiou}, Christos and
         {Harnois-Deraps}, Joachim and {Kuijken}, Konrad},
        title = "{Consistent cosmic shear in the face of systematics: a B-mode analysis of KiDS-450, DES-SV and CFHTLenS}",
      journal = {\aap},
     keywords = {gravitational lensing: weak, methods: data analysis, methods: statistical, surveys, cosmology: observations, Astrophysics - Cosmology and Nongalactic Astrophysics},
         year = "2019",
        month = "Apr",
       volume = {624},
          eid = {A134},
        pages = {A134},
          doi = {10.1051/0004-6361/201834379},
archivePrefix = {arXiv},
       eprint = {1810.02353},
 primaryClass = {astro-ph.CO},
       adsurl = {https://ui.adsabs.harvard.edu/abs/2019A&A...624A.134A},
      adsnote = {Provided by the SAO/NASA Astrophysics Data System}
}


@ARTICLE{heymans/etal:2012,
       author = {{Heymans}, Catherine and {Van Waerbeke}, Ludovic and {Miller}, Lance and
         {Erben}, Thomas and {Hildebrandt}, Hendrik and {Hoekstra}, Henk and
         {Kitching}, Thomas D. and {Mellier}, Yannick and {Simon}, Patrick and
         {Bonnett}, Christopher and {Coupon}, Jean and {Fu}, Liping and
         {Harnois D{\'e}raps}, Joachim and {Hudson}, Michael J. and
         {Kilbinger}, Martin and {Kuijken}, Koenraad and {Rowe}, Barnaby and
         {Schrabback}, Tim and {Semboloni}, Elisabetta and {van Uitert}, Edo and
         {Vafaei}, Sanaz and {Velander}, Malin},
        title = "{CFHTLenS: the Canada-France-Hawaii Telescope Lensing Survey}",
      journal = {\mnras},
     keywords = {gravitational lensing: weak, cosmology: observations, Astrophysics - Cosmology and Nongalactic Astrophysics},
         year = "2012",
        month = "Nov",
       volume = {427},
       number = {1},
        pages = {146-166},
          doi = {10.1111/j.1365-2966.2012.21952.x},
archivePrefix = {arXiv},
       eprint = {1210.0032},
 primaryClass = {astro-ph.CO},
       adsurl = {https://ui.adsabs.harvard.edu/abs/2012MNRAS.427..146H},
      adsnote = {Provided by the SAO/NASA Astrophysics Data System}
}


@ARTICLE{amon/etal:2018,
       author = {{Amon}, A. and {Heymans}, C. and {Klaes}, D. and {Erben}, T. and
         {Blake}, C. and {Hildebrandt}, H. and {Hoekstra}, H. and {Kuijken}, K. and
         {Miller}, L. and {Morrison}, C.~B. and {Choi}, A. and
         {de Jong}, J.~T.~A. and {Glazebrook}, K. and {Irisarri}, N. and
         {Joachimi}, B. and {Joudaki}, S. and {Kannawadi}, A. and {Lidman}, C. and
         {Napolitano}, N. and {Parkinson}, D. and {Schneider}, P. and
         {van Uitert}, E. and {Viola}, M. and {Wolf}, C.},
        title = "{KiDS-i-800: comparing weak gravitational lensing measurements from same-sky surveys}",
      journal = {\mnras},
     keywords = {gravitational lensing: weak, surveys, galaxies: photometry, cosmology: observations, Astrophysics - Cosmology and Nongalactic Astrophysics},
         year = "2018",
        month = "Jul",
       volume = {477},
       number = {4},
        pages = {4285-4307},
          doi = {10.1093/mnras/sty859},
archivePrefix = {arXiv},
       eprint = {1707.04105},
 primaryClass = {astro-ph.CO},
       adsurl = {https://ui.adsabs.harvard.edu/abs/2018MNRAS.477.4285A},
      adsnote = {Provided by the SAO/NASA Astrophysics Data System}
}


@ARTICLE{crittenden/etal:2002,
       author = {{Crittenden}, Robert G. and {Natarajan}, Priyamvada and {Pen}, Ue-Li and
         {Theuns}, Tom},
        title = "{Discriminating Weak Lensing from Intrinsic Spin Correlations Using the Curl-Gradient Decomposition}",
      journal = {\apj},
     keywords = {Cosmology: Cosmic Microwave Background, Cosmology: Theory, Cosmology: Gravitational Lensing, Astrophysics},
         year = "2002",
        month = "Mar",
       volume = {568},
       number = {1},
        pages = {20-27},
          doi = {10.1086/338838},
archivePrefix = {arXiv},
       eprint = {astro-ph/0012336},
 primaryClass = {astro-ph},
       adsurl = {https://ui.adsabs.harvard.edu/abs/2002ApJ...568...20C},
      adsnote = {Provided by the SAO/NASA Astrophysics Data System}
}


@ARTICLE{jarvis/etal:2003,
       author = {{Jarvis}, M. and {Bernstein}, G.~M. and {Fischer}, P. and {Smith}, D. and
         {Jain}, B. and {Tyson}, J.~A. and {Wittman}, D.},
        title = "{Weak-Lensing Results from the 75 Square Degree Cerro Tololo Inter-American Observatory Survey}",
      journal = {\aj},
     keywords = {Cosmology: Gravitational Lensing, Cosmology: Large-Scale Structure of Universe, Astrophysics},
         year = "2003",
        month = "Mar",
       volume = {125},
       number = {3},
        pages = {1014-1032},
          doi = {10.1086/367799},
archivePrefix = {arXiv},
       eprint = {astro-ph/0210604},
 primaryClass = {astro-ph},
       adsurl = {https://ui.adsabs.harvard.edu/abs/2003AJ....125.1014J},
      adsnote = {Provided by the SAO/NASA Astrophysics Data System}
}


@ARTICLE{hildebrandt/etal:inprep,
       author = {{Hildebrandt}, H. and {Someone}, A. and {KiDS-Collaboration}},
      journal = {"in prep"},
         year = "2020",
        month = "",
       volume = {x},
       number = {x},
        pages = {x},
          doi = {x},
archivePrefix = {arXiv},
       eprint = {astro-ph/x},
 primaryClass = {astro-ph},

}

@ARTICLE{asgari/etal:inprep,
       author = {{Asgari}, M. and {Someone}, A. and {KiDS-Collaboration}},
      journal = {"in prep"},
         year = "2020",
        month = "",
       volume = {x},
       number = {x},
        pages = {x},
          doi = {x},
archivePrefix = {arXiv},
       eprint = {astro-ph/x},
 primaryClass = {astro-ph},

}

@ARTICLE{joachimi/etal:inprep,
       author = {{Joachimi}, B. and {Lin}, C. and {KiDS-Collaboration}},
      journal = {"in prep"},
         year = "2020",
        month = "",
       volume = {x},
       number = {x},
        pages = {x},
          doi = {x},
archivePrefix = {arXiv},
       eprint = {astro-ph/x},
 primaryClass = {astro-ph},

}


@ARTICLE{giblin/etal:inprep,
       author = {{Giblin}, B. and {Heymans}, C. and {KiDS-Collaboration}},
      journal = {"in prep"},
         year = "2020",
        month = "",
       volume = {x},
       number = {x},
        pages = {x},
          doi = {x},
archivePrefix = {arXiv},
       eprint = {astro-ph/x},
 primaryClass = {astro-ph},

}

@ARTICLE{prat/etal:2018,
       author = {{Prat}, J. and {S{\'a}nchez}, C. and {Fang}, Y. and {Gruen}, D. and
         {Elvin-Poole}, J. and {Kokron}, N. and {Secco}, L.~F. and {Jain}, B. and
         {Miquel}, R. and {MacCrann}, N. and {Troxel}, M.~A. and {Alarcon}, A. and
         {Bacon}, D. and {Bernstein}, G.~M. and {Blazek}, J. and {Cawthon}, R. and
         {Chang}, C. and {Crocce}, M. and {Davis}, C. and {De Vicente}, J. and
         {Dietrich}, J.~P. and {Drlica-Wagner}, A. and {Friedrich}, O. and
         {Gatti}, M. and {Hartley}, W.~G. and {Hoyle}, B. and {Huff}, E.~M. and
         {Jarvis}, M. and {Rau}, M.~M. and {Rollins}, R.~P. and {Ross}, A.~J. and
         {Rozo}, E. and {Rykoff}, E.~S. and {Samuroff}, S. and {Sheldon}, E. and
         {Varga}, T.~N. and {Vielzeuf}, P. and {Zuntz}, J. and
         {Abbott}, T.~M.~C. and {Abdalla}, F.~B. and {Allam}, S. and
         {Annis}, J. and {Bechtol}, K. and {Benoit-L{\'e}vy}, A. and
         {Bertin}, E. and {Brooks}, D. and {Buckley-Geer}, E. and
         {Burke}, D.~L. and {Carnero Rosell}, A. and {Carrasco Kind}, M. and
         {Carretero}, J. and {Castander}, F.~J. and {Cunha}, C.~E. and
         {D'Andrea}, C.~B. and {da Costa}, L.~N. and {Desai}, S. and
         {Diehl}, H.~T. and {Dodelson}, S. and {Eifler}, T.~F. and {Fernand
        ez}, E. and {Flaugher}, B. and {Fosalba}, P. and {Frieman}, J. and
         {Garc{\'\i}a-Bellido}, J. and {Gaztanaga}, E. and {Gerdes}, D.~W. and
         {Giannantonio}, T. and {Goldstein}, D.~A. and {Gruendl}, R.~A. and
         {Gschwend}, J. and {Gutierrez}, G. and {Honscheid}, K. and
         {James}, D.~J. and {Jeltema}, T. and {Johnson}, M.~W.~G. and
         {Johnson}, M.~D. and {Kirk}, D. and {Krause}, E. and {Kuehn}, K. and
         {Kuhlmann}, S. and {Lahav}, O. and {Li}, T.~S. and {Lima}, M. and
         {Maia}, M.~A.~G. and {March}, M. and {Marshall}, J.~L. and
         {Martini}, P. and {Melchior}, P. and {Menanteau}, F. and {Mohr}, J.~J. and
         {Nichol}, R.~C. and {Nord}, B. and {Plazas}, A.~A. and {Romer}, A.~K. and
         {Roodman}, A. and {Sako}, M. and {Sanchez}, E. and {Scarpine}, V. and
         {Schindler}, R. and {Schubnell}, M. and {Sevilla-Noarbe}, I. and
         {Smith}, M. and {Smith}, R.~C. and {Soares-Santos}, M. and
         {Sobreira}, F. and {Suchyta}, E. and {Swanson}, M.~E.~C. and
         {Tarle}, G. and {Thomas}, D. and {Tucker}, D.~L. and {Vikram}, V. and
         {Walker}, A.~R. and {Wechsler}, R.~H. and {Yanny}, B. and {Zhang}, Y. and
         {DES Collaboration}},
        title = "{Dark Energy Survey year 1 results: Galaxy-galaxy lensing}",
      journal = {\prd},
     keywords = {Astrophysics - Cosmology and Nongalactic Astrophysics},
         year = "2018",
        month = "Aug",
       volume = {98},
       number = {4},
          eid = {042005},
        pages = {042005},
          doi = {10.1103/PhysRevD.98.042005},
archivePrefix = {arXiv},
       eprint = {1708.01537},
 primaryClass = {astro-ph.CO},
       adsurl = {https://ui.adsabs.harvard.edu/abs/2018PhRvD..98d2005P},
      adsnote = {Provided by the SAO/NASA Astrophysics Data System}
}

@ARTICLE{maccrann/etal:2020,
       author = {{MacCrann}, Niall and {Blazek}, Jonathan and {Jain}, Bhuvnesh and
         {Krause}, Elisabeth},
        title = "{Controlling and leveraging small-scale information in tomographic galaxy-galaxy lensing}",
      journal = {\mnras},
     keywords = {gravitational lensing: weak, cosmological parameters, Astrophysics - Cosmology and Nongalactic Astrophysics},
         year = "2020",
        month = "Feb",
       volume = {491},
       number = {4},
        pages = {5498-5509},
          doi = {10.1093/mnras/stz2761},
archivePrefix = {arXiv},
       eprint = {1903.07101},
 primaryClass = {astro-ph.CO},
       adsurl = {https://ui.adsabs.harvard.edu/abs/2020MNRAS.491.5498M},
      adsnote = {Provided by the SAO/NASA Astrophysics Data System}
}



@ARTICLE{arenou/etal:2018,
       author = {{Arenou}, F. and {Luri}, X. and {Babusiaux}, C. and {Fabricius}, C. and
         {Helmi}, A. and {Muraveva}, T. and {Robin}, A.~C. and {Spoto}, F. and
         {Vallenari}, A. and {Antoja}, T. and {Cantat-Gaudin}, T. and
         {Jordi}, C. and {Leclerc}, N. and {Reyl{\'e}}, C. and
         {Romero-G{\'o}mez}, M. and {Shih}, I. -C. and {Soria}, S. and
         {Barache}, C. and {Bossini}, D. and {Bragaglia}, A. and
         {Breddels}, M.~A. and {Fabrizio}, M. and {Lambert}, S. and
         {Marrese}, P.~M. and {Massari}, D. and {Moitinho}, A. and
         {Robichon}, N. and {Ruiz-Dern}, L. and {Sordo}, R. and
         {Veljanoski}, J. and {Eyer}, L. and {Jasniewicz}, G. and {Pancino}, E. and
         {Soubiran}, C. and {Spagna}, A. and {Tanga}, P. and {Turon}, C. and
         {Zurbach}, C.},
        title = "{Gaia Data Release 2. Catalogue validation}",
      journal = {\aap},
     keywords = {catalogs, stars: fundamental parameters, astrometry, techniques: radial velocities, stars: variables: general, minor planets, asteroids: general, Astrophysics - Astrophysics of Galaxies, Astrophysics - Instrumentation and Methods for Astrophysics},
         year = "2018",
        month = "Aug",
       volume = {616},
          eid = {A17},
        pages = {A17},
          doi = {10.1051/0004-6361/201833234},
archivePrefix = {arXiv},
       eprint = {1804.09375},
 primaryClass = {astro-ph.GA},
       adsurl = {https://ui.adsabs.harvard.edu/abs/2018A&A...616A..17A},
      adsnote = {Provided by the SAO/NASA Astrophysics Data System}
}


@ARTICLE{baldry/etal:2010,
       author = {{Baldry}, I.~K. and {Robotham}, A.~S.~G. and {Hill}, D.~T. and
         {Driver}, S.~P. and {Liske}, J. and {Norberg}, P. and {Bamford}, S.~P. and
         {Hopkins}, A.~M. and {Loveday}, J. and {Peacock}, J.~A. and
         {Cameron}, E. and {Croom}, S.~M. and {Cross}, N.~J.~G. and
         {Doyle}, I.~F. and {Dye}, S. and {Frenk}, C.~S. and {Jones}, D.~H. and
         {van Kampen}, E. and {Kelvin}, L.~S. and {Nichol}, R.~C. and
         {Parkinson}, H.~R. and {Popescu}, C.~C. and {Prescott}, M. and
         {Sharp}, R.~G. and {Sutherland}, W.~J. and {Thomas}, D. and
         {Tuffs}, R.~J.},
        title = "{Galaxy And Mass Assembly (GAMA): the input catalogue and star-galaxy separation}",
      journal = {\mnras},
     keywords = {catalogues, surveys, galaxies: distances and redshifts, galaxies: photometry, Astrophysics - Cosmology and Nongalactic Astrophysics},
         year = "2010",
        month = "May",
       volume = {404},
       number = {1},
        pages = {86-100},
          doi = {10.1111/j.1365-2966.2010.16282.x},
archivePrefix = {arXiv},
       eprint = {0910.5120},
 primaryClass = {astro-ph.CO},
       adsurl = {https://ui.adsabs.harvard.edu/abs/2010MNRAS.404...86B},
      adsnote = {Provided by the SAO/NASA Astrophysics Data System}
}

@ARTICLE{joachimi/etal:2015,
       author = {{Joachimi}, Benjamin and {Cacciato}, Marcello and {Kitching}, Thomas D. and
         {Leonard}, Adrienne and {Mandelbaum}, Rachel and
         {Sch{\"a}fer}, Bj{\"o}rn Malte and {Sif{\'o}n}, Crist{\'o}bal and
         {Hoekstra}, Henk and {Kiessling}, Alina and {Kirk}, Donnacha and
         {Rassat}, Anais},
        title = "{Galaxy Alignments: An Overview}",
      journal = {\ssr},
     keywords = {Galaxies: evolution, Galaxies: haloes, Galaxies: interactions, Large-scale structure of Universe, Gravitational lensing: weak, Astrophysics - Astrophysics of Galaxies, Astrophysics - Cosmology and Nongalactic Astrophysics},
         year = "2015",
        month = "Nov",
       volume = {193},
       number = {1-4},
        pages = {1-65},
          doi = {10.1007/s11214-015-0177-4},
archivePrefix = {arXiv},
       eprint = {1504.05456},
 primaryClass = {astro-ph.GA},
       adsurl = {https://ui.adsabs.harvard.edu/abs/2015SSRv..193....1J},
      adsnote = {Provided by the SAO/NASA Astrophysics Data System}
}

@ARTICLE{bacon/etal:2003,
       author = {{Bacon}, David J. and {Massey}, Richard J. and {Refregier}, Alexand
        re R. and {Ellis}, Richard S.},
        title = "{Joint cosmic shear measurements with the Keck and William Herschel Telescopes}",
      journal = {\mnras},
     keywords = {gravitational lensing, cosmology: observations, large-scale structure of Universe, Astrophysics},
         year = "2003",
        month = "Sep",
       volume = {344},
       number = {3},
        pages = {673-685},
          doi = {10.1046/j.1365-8711.2003.06877.x},
archivePrefix = {arXiv},
       eprint = {astro-ph/0203134},
 primaryClass = {astro-ph},
       adsurl = {https://ui.adsabs.harvard.edu/abs/2003MNRAS.344..673B},
      adsnote = {Provided by the SAO/NASA Astrophysics Data System}
}

% reference for shear-ratio test
@ARTICLE{jain/taylor:2003,
       author = {{Jain}, Bhuvnesh and {Taylor}, Andy},
        title = "{Cross-Correlation Tomography: Measuring Dark Energy Evolution with Weak Lensing}",
      journal = {\prl},
     keywords = {98.80.Es, 98.62.Sb, Observational cosmology, Gravitational lenses and luminous arcs, Astrophysics},
         year = 2003,
        month = oct,
       volume = {91},
       number = {14},
          eid = {141302},
        pages = {141302},
          doi = {10.1103/PhysRevLett.91.141302},
archivePrefix = {arXiv},
       eprint = {astro-ph/0306046},
 primaryClass = {astro-ph},
       adsurl = {https://ui.adsabs.harvard.edu/abs/2003PhRvL..91n1302J},
      adsnote = {Provided by the SAO/NASA Astrophysics Data System}
}

@ARTICLE{taylor/etal:2007,
       author = {{Taylor}, A.~N. and {Kitching}, T.~D. and {Bacon}, D.~J. and
         {Heavens}, A.~F.},
        title = "{Probing dark energy with the shear-ratio geometric test}",
      journal = {\mnras},
     keywords = {gravitation, gravitational lensing, cosmology: observations, dark matter, large-scale structure of Universe, Astrophysics},
         year = 2007,
        month = feb,
       volume = {374},
       number = {4},
        pages = {1377-1403},
          doi = {10.1111/j.1365-2966.2006.11257.x},
archivePrefix = {arXiv},
       eprint = {astro-ph/0606416},
 primaryClass = {astro-ph},
       adsurl = {https://ui.adsabs.harvard.edu/abs/2007MNRAS.374.1377T},
      adsnote = {Provided by the SAO/NASA Astrophysics Data System}
}

@ARTICLE{alam/etal:2017,
       author = {{Alam}, Shadab and {Ata}, Metin and {Bailey}, Stephen and
         {Beutler}, Florian and {Bizyaev}, Dmitry and {Blazek}, Jonathan A. and
         {Bolton}, Adam S. and {Brownstein}, Joel R. and {Burden}, Angela and
         {Chuang}, Chia-Hsun and {Comparat}, Johan and {Cuesta}, Antonio J. and
         {Dawson}, Kyle S. and {Eisenstein}, Daniel J. and
         {Escoffier}, Stephanie and {Gil-Mar{\'\i}n}, H{\'e}ctor and
         {Grieb}, Jan Niklas and {Hand}, Nick and {Ho}, Shirley and
         {Kinemuchi}, Karen and {Kirkby}, David and {Kitaura}, Francisco and
         {Malanushenko}, Elena and {Malanushenko}, Viktor and
         {Maraston}, Claudia and {McBride}, Cameron K. and {Nichol}, Robert C. and
         {Olmstead}, Matthew D. and {Oravetz}, Daniel and {Padmanabhan}, Nikhil and
         {Palanque-Delabrouille}, Nathalie and {Pan}, Kaike and
         {Pellejero-Ibanez}, Marcos and {Percival}, Will J. and
         {Petitjean}, Patrick and {Prada}, Francisco and
         {Price-Whelan}, Adrian M. and {Reid}, Beth A. and
         {Rodr{\'\i}guez-Torres}, Sergio A. and {Roe}, Natalie A. and
         {Ross}, Ashley J. and {Ross}, Nicholas P. and {Rossi}, Graziano and
         {Rubi{\~n}o-Mart{\'\i}n}, Jose Alberto and {Saito}, Shun and
         {Salazar-Albornoz}, Salvador and {Samushia}, Lado and
         {S{\'a}nchez}, Ariel G. and {Satpathy}, Siddharth and
         {Schlegel}, David J. and {Schneider}, Donald P. and
         {Sc{\'o}ccola}, Claudia G. and {Seo}, Hee-Jong and {Sheldon}, Erin S. and
         {Simmons}, Audrey and {Slosar}, An{\v{z}}e and {Strauss}, Michael A. and
         {Swanson}, Molly E.~C. and {Thomas}, Daniel and {Tinker}, Jeremy L. and
         {Tojeiro}, Rita and {Maga{\~n}a}, Mariana Vargas and
         {Vazquez}, Jose Alberto and {Verde}, Licia and {Wake}, David A. and
         {Wang}, Yuting and {Weinberg}, David H. and {White}, Martin and
         {Wood-Vasey}, W. Michael and {Y{\`e}che}, Christophe and
         {Zehavi}, Idit and {Zhai}, Zhongxu and {Zhao}, Gong-Bo},
        title = "{The clustering of galaxies in the completed SDSS-III Baryon Oscillation Spectroscopic Survey: cosmological analysis of the DR12 galaxy sample}",
      journal = {\mnras},
     keywords = {distance scale, large-scale structure of Universe, cosmology: observations, Astrophysics - Cosmology and Nongalactic Astrophysics},
         year = 2017,
        month = sep,
       volume = {470},
       number = {3},
        pages = {2617-2652},
          doi = {10.1093/mnras/stx721},
archivePrefix = {arXiv},
       eprint = {1607.03155},
 primaryClass = {astro-ph.CO},
       adsurl = {https://ui.adsabs.harvard.edu/abs/2017MNRAS.470.2617A},
      adsnote = {Provided by the SAO/NASA Astrophysics Data System}
}

@ARTICLE{hoekstra/etal:2015,
       author = {{Hoekstra}, Henk and {Herbonnet}, Ricardo and {Muzzin}, Adam and
         {Babul}, Arif and {Mahdavi}, Andi and {Viola}, Massimo and
         {Cacciato}, Marcello},
        title = "{The Canadian Cluster Comparison Project: detailed study of systematics and updated weak lensing masses}",
      journal = {\mnras},
     keywords = {cosmology: observations, dark matter, Astrophysics - Cosmology and Nongalactic Astrophysics},
         year = 2015,
        month = may,
       volume = {449},
       number = {1},
        pages = {685-714},
          doi = {10.1093/mnras/stv275},
archivePrefix = {arXiv},
       eprint = {1502.01883},
 primaryClass = {astro-ph.CO},
       adsurl = {https://ui.adsabs.harvard.edu/abs/2015MNRAS.449..685H},
      adsnote = {Provided by the SAO/NASA Astrophysics Data System}
}


% MICE mocks reference
@ARTICLE{fosalba/etal:2015,
       author = {{Fosalba}, P. and {Crocce}, M. and {Gazta{\~n}aga}, E. and {Castand
        er}, F.~J.},
        title = "{The MICE grand challenge lightcone simulation - I. Dark matter clustering}",
      journal = {\mnras},
     keywords = {methods: numerical, galaxies: statistics, dark matter, large-scale structure of Universe, Astrophysics - Cosmology and Nongalactic Astrophysics},
         year = 2015,
        month = apr,
       volume = {448},
       number = {4},
        pages = {2987-3000},
          doi = {10.1093/mnras/stv138},
archivePrefix = {arXiv},
       eprint = {1312.1707},
 primaryClass = {astro-ph.CO},
       adsurl = {https://ui.adsabs.harvard.edu/abs/2015MNRAS.448.2987F},
      adsnote = {Provided by the SAO/NASA Astrophysics Data System}
}

@ARTICLE{driver/etal:2011,
       author = {{Driver}, S.~P. and {Hill}, D.~T. and {Kelvin}, L.~S. and
         {Robotham}, A.~S.~G. and {Liske}, J. and {Norberg}, P. and
         {Baldry}, I.~K. and {Bamford}, S.~P. and {Hopkins}, A.~M. and
         {Loveday}, J. and {Peacock}, J.~A. and {Andrae}, E. and {Bland
        -Hawthorn}, J. and {Brough}, S. and {Brown}, M.~J.~I. and {Cameron}, E. and
         {Ching}, J.~H.~Y. and {Colless}, M. and {Conselice}, C.~J. and
         {Croom}, S.~M. and {Cross}, N.~J.~G. and {de Propris}, R. and
         {Dye}, S. and {Drinkwater}, M.~J. and {Ellis}, S. and
         {Graham}, Alister W. and {Grootes}, M.~W. and {Gunawardhana}, M. and
         {Jones}, D.~H. and {van Kampen}, E. and {Maraston}, C. and
         {Nichol}, R.~C. and {Parkinson}, H.~R. and {Phillipps}, S. and
         {Pimbblet}, K. and {Popescu}, C.~C. and {Prescott}, M. and
         {Roseboom}, I.~G. and {Sadler}, E.~M. and {Sansom}, A.~E. and
         {Sharp}, R.~G. and {Smith}, D.~J.~B. and {Taylor}, E. and {Thomas}, D. and
         {Tuffs}, R.~J. and {Wijesinghe}, D. and {Dunne}, L. and {Frenk}, C.~S. and
         {Jarvis}, M.~J. and {Madore}, B.~F. and {Meyer}, M.~J. and
         {Seibert}, M. and {Staveley-Smith}, L. and {Sutherland}, W.~J. and
         {Warren}, S.~J.},
        title = "{Galaxy and Mass Assembly (GAMA): survey diagnostics and core data release}",
      journal = {\mnras},
     keywords = {surveys, galaxies: distances and redshifts, galaxies: fundamental parameters, galaxies: general, galaxies: statistics, Astrophysics - Cosmology and Nongalactic Astrophysics},
         year = 2011,
        month = may,
       volume = {413},
       number = {2},
        pages = {971-995},
          doi = {10.1111/j.1365-2966.2010.18188.x},
archivePrefix = {arXiv},
       eprint = {1009.0614},
 primaryClass = {astro-ph.CO},
       adsurl = {https://ui.adsabs.harvard.edu/abs/2011MNRAS.413..971D},
      adsnote = {Provided by the SAO/NASA Astrophysics Data System}
}

@ARTICLE{mandelbaum/etal:2005,
       author = {{Mandelbaum}, Rachel and {Hirata}, Christopher M. and
         {Seljak}, Uro{\v{s}} and {Guzik}, Jacek and {Padmanabhan}, Nikhil and
         {Blake}, Cullen and {Blanton}, Michael R. and {Lupton}, Robert and
         {Brinkmann}, Jonathan},
        title = "{Systematic errors in weak lensing: application to SDSS galaxy-galaxy weak lensing}",
      journal = {\mnras},
     keywords = {gravitational lensing, galaxies: distances and redshifts, galaxies: halos, Astrophysics},
         year = 2005,
        month = aug,
       volume = {361},
       number = {4},
        pages = {1287-1322},
          doi = {10.1111/j.1365-2966.2005.09282.x},
archivePrefix = {arXiv},
       eprint = {astro-ph/0501201},
 primaryClass = {astro-ph},
       adsurl = {https://ui.adsabs.harvard.edu/abs/2005MNRAS.361.1287M},
      adsnote = {Provided by the SAO/NASA Astrophysics Data System}
}


@ARTICLE{singh/etal:2017,
       author = {{Singh}, Sukhdeep and {Mandelbaum}, Rachel and {Seljak}, Uro{\v{s}} and
         {Slosar}, An{\v{z}}e and {Vazquez Gonzalez}, Jose},
        title = "{Galaxy-galaxy lensing estimators and their covariance properties}",
      journal = {\mnras},
     keywords = {gravitational lensing: weak, galaxies: evolution, large-scale structure of Universe, cosmology: observations, Astrophysics - Cosmology and Nongalactic Astrophysics},
         year = 2017,
        month = nov,
       volume = {471},
       number = {4},
        pages = {3827-3844},
          doi = {10.1093/mnras/stx1828},
archivePrefix = {arXiv},
       eprint = {1611.00752},
 primaryClass = {astro-ph.CO},
       adsurl = {https://ui.adsabs.harvard.edu/abs/2017MNRAS.471.3827S},
      adsnote = {Provided by the SAO/NASA Astrophysics Data System}
}

@ARTICLE{planck/etal:2018,
       author = {{Planck Collaboration} and {Aghanim}, N. and {Akrami}, Y. and
         {Ashdown}, M. and {Aumont}, J. and {Baccigalupi}, C. and
         {Ballardini}, M. and {Banday}, A.~J. and {Barreiro}, R.~B. and
         {Bartolo}, N. and {Basak}, S. and {Battye}, R. and {Benabed}, K. and
         {Bernard}, J. -P. and {Bersanelli}, M. and {Bielewicz}, P. and
         {Bock}, J.~J. and {Bond}, J.~R. and {Borrill}, J. and {Bouchet}, F.~R. and
         {Boulanger}, F. and {Bucher}, M. and {Burigana}, C. and
         {Butler}, R.~C. and {Calabrese}, E. and {Cardoso}, J. -F. and
         {Carron}, J. and {Challinor}, A. and {Chiang}, H.~C. and {Chluba}, J. and
         {Colombo}, L.~P.~L. and {Combet}, C. and {Contreras}, D. and
         {Crill}, B.~P. and {Cuttaia}, F. and {de Bernardis}, P. and
         {de Zotti}, G. and {Delabrouille}, J. and {Delouis}, J. -M. and
         {Di Valentino}, E. and {Diego}, J.~M. and {Dor{\'e}}, O. and
         {Douspis}, M. and {Ducout}, A. and {Dupac}, X. and {Dusini}, S. and
         {Efstathiou}, G. and {Elsner}, F. and {En{\ss}lin}, T.~A. and
         {Eriksen}, H.~K. and {Fantaye}, Y. and {Farhang}, M. and
         {Fergusson}, J. and {Fernandez-Cobos}, R. and {Finelli}, F. and
         {Forastieri}, F. and {Frailis}, M. and {Fraisse}, A.~A. and
         {Franceschi}, E. and {Frolov}, A. and {Galeotta}, S. and {Galli}, S. and
         {Ganga}, K. and {G{\'e}nova-Santos}, R.~T. and {Gerbino}, M. and
         {Ghosh}, T. and {Gonz{\'a}lez-Nuevo}, J. and {G{\'o}rski}, K.~M. and
         {Gratton}, S. and {Gruppuso}, A. and {Gudmundsson}, J.~E. and
         {Hamann}, J. and {Handley}, W. and {Hansen}, F.~K. and {Herranz}, D. and
         {Hildebrandt}, S.~R. and {Hivon}, E. and {Huang}, Z. and
         {Jaffe}, A.~H. and {Jones}, W.~C. and {Karakci}, A. and
         {Keih{\"a}nen}, E. and {Keskitalo}, R. and {Kiiveri}, K. and {Kim}, J. and
         {Kisner}, T.~S. and {Knox}, L. and {Krachmalnicoff}, N. and {Kunz}, M. and
         {Kurki-Suonio}, H. and {Lagache}, G. and {Lamarre}, J. -M. and
         {Lasenby}, A. and {Lattanzi}, M. and {Lawrence}, C.~R. and
         {Le Jeune}, M. and {Lemos}, P. and {Lesgourgues}, J. and {Levrier}, F. and
         {Lewis}, A. and {Liguori}, M. and {Lilje}, P.~B. and {Lilley}, M. and
         {Lindholm}, V. and {L{\'o}pez-Caniego}, M. and {Lubin}, P.~M. and
         {Ma}, Y. -Z. and {Mac{\'\i}as-P{\'e}rez}, J.~F. and {Maggio}, G. and
         {Maino}, D. and {Mandolesi}, N. and {Mangilli}, A. and
         {Marcos-Caballero}, A. and {Maris}, M. and {Martin}, P.~G. and
         {Martinelli}, M. and {Mart{\'\i}nez-Gonz{\'a}lez}, E. and
         {Matarrese}, S. and {Mauri}, N. and {McEwen}, J.~D. and
         {Meinhold}, P.~R. and {Melchiorri}, A. and {Mennella}, A. and
         {Migliaccio}, M. and {Millea}, M. and {Mitra}, S. and
         {Miville-Desch{\^e}nes}, M. -A. and {Molinari}, D. and {Montier}, L. and
         {Morgante}, G. and {Moss}, A. and {Natoli}, P. and
         {N{\o}rgaard-Nielsen}, H.~U. and {Pagano}, L. and {Paoletti}, D. and
         {Partridge}, B. and {Patanchon}, G. and {Peiris}, H.~V. and
         {Perrotta}, F. and {Pettorino}, V. and {Piacentini}, F. and
         {Polastri}, L. and {Polenta}, G. and {Puget}, J. -L. and
         {Rachen}, J.~P. and {Reinecke}, M. and {Remazeilles}, M. and
         {Renzi}, A. and {Rocha}, G. and {Rosset}, C. and {Roudier}, G. and
         {Rubi{\~n}o-Mart{\'\i}n}, J.~A. and {Ruiz-Granados}, B. and
         {Salvati}, L. and {Sandri}, M. and {Savelainen}, M. and {Scott}, D. and
         {Shellard}, E.~P.~S. and {Sirignano}, C. and {Sirri}, G. and
         {Spencer}, L.~D. and {Sunyaev}, R. and {Suur-Uski}, A. -S. and
         {Tauber}, J.~A. and {Tavagnacco}, D. and {Tenti}, M. and
         {Toffolatti}, L. and {Tomasi}, M. and {Trombetti}, T. and
         {Valenziano}, L. and {Valiviita}, J. and {Van Tent}, B. and
         {Vibert}, L. and {Vielva}, P. and {Villa}, F. and {Vittorio}, N. and {Wand
        elt}, B.~D. and {Wehus}, I.~K. and {White}, M. and {White}, S.~D.~M. and
         {Zacchei}, A. and {Zonca}, A.},
        title = "{Planck 2018 results. VI. Cosmological parameters}",
      journal = {arXiv e-prints},
     keywords = {Astrophysics - Cosmology and Nongalactic Astrophysics},
         year = 2018,
        month = jul,
          eid = {arXiv:1807.06209},
        pages = {arXiv:1807.06209},
archivePrefix = {arXiv},
       eprint = {1807.06209},
 primaryClass = {astro-ph.CO},
       adsurl = {https://ui.adsabs.harvard.edu/abs/2018arXiv180706209P},
      adsnote = {Provided by the SAO/NASA Astrophysics Data System}
}

@BOOK{peebles/1980,
       author = {{Peebles}, P.~J.~E.},
        title = "{The large-scale structure of the universe}",
         year = 1980,
       adsurl = {https://ui.adsabs.harvard.edu/abs/1980lssu.book.....P},
      adsnote = {Provided by the SAO/NASA Astrophysics Data System}
}

@ARTICLE{eisenstein/etal:2005,
       author = {{Eisenstein}, Daniel J. and {Zehavi}, Idit and {Hogg}, David W. and
         {Scoccimarro}, Roman and {Blanton}, Michael R. and {Nichol}, Robert C. and
         {Scranton}, Ryan and {Seo}, Hee-Jong and {Tegmark}, Max and
         {Zheng}, Zheng and {Anderson}, Scott F. and {Annis}, Jim and
         {Bahcall}, Neta and {Brinkmann}, Jon and {Burles}, Scott and {Castand
        er}, Francisco J. and {Connolly}, Andrew and {Csabai}, Istvan and
         {Doi}, Mamoru and {Fukugita}, Masataka and {Frieman}, Joshua A. and
         {Glazebrook}, Karl and {Gunn}, James E. and {Hendry}, John S. and
         {Hennessy}, Gregory and {Ivezi{\'c}}, Zeljko and {Kent}, Stephen and
         {Knapp}, Gillian R. and {Lin}, Huan and {Loh}, Yeong-Shang and
         {Lupton}, Robert H. and {Margon}, Bruce and {McKay}, Timothy A. and
         {Meiksin}, Avery and {Munn}, Jeffery A. and {Pope}, Adrian and
         {Richmond}, Michael W. and {Schlegel}, David and
         {Schneider}, Donald P. and {Shimasaku}, Kazuhiro and
         {Stoughton}, Christopher and {Strauss}, Michael A. and
         {SubbaRao}, Mark and {Szalay}, Alexander S. and {Szapudi}, Istv{\'a}n and
         {Tucker}, Douglas L. and {Yanny}, Brian and {York}, Donald G.},
        title = "{Detection of the Baryon Acoustic Peak in the Large-Scale Correlation Function of SDSS Luminous Red Galaxies}",
      journal = {\apj},
     keywords = {Cosmology: Cosmic Microwave Background, Cosmology: Cosmological Parameters, Cosmology: Observations, Cosmology: Distance Scale, Galaxies: Elliptical and Lenticular, cD, Cosmology: Large-Scale Structure of Universe, Astrophysics},
         year = 2005,
        month = nov,
       volume = {633},
       number = {2},
        pages = {560-574},
          doi = {10.1086/466512},
archivePrefix = {arXiv},
       eprint = {astro-ph/0501171},
 primaryClass = {astro-ph},
       adsurl = {https://ui.adsabs.harvard.edu/abs/2005ApJ...633..560E},
      adsnote = {Provided by the SAO/NASA Astrophysics Data System}
}


@BOOK{weinberg/1972,
       author = {{Weinberg}, Steven},
        title = "{Gravitation and Cosmology: Principles and Applications of the General Theory of Relativity}",
         year = 1972,
       adsurl = {https://ui.adsabs.harvard.edu/abs/1972gcpa.book.....W},
      adsnote = {Provided by the SAO/NASA Astrophysics Data System}
}
@ARTICLE{riess/etal:2019,
       author = {{Riess}, Adam G. and {Casertano}, Stefano and {Yuan}, Wenlong and
         {Macri}, Lucas M. and {Scolnic}, Dan},
        title = "{Large Magellanic Cloud Cepheid Standards Provide a 1\% Foundation for the Determination of the Hubble Constant and Stronger Evidence for Physics beyond {\ensuremath{\Lambda}}CDM}",
      journal = {\apj},
     keywords = {cosmological parameters, distance scale, stars: variables: Cepheids, supernovae: general, Astrophysics - Cosmology and Nongalactic Astrophysics, Astrophysics - Astrophysics of Galaxies},
         year = 2019,
        month = may,
       volume = {876},
       number = {1},
          eid = {85},
        pages = {85},
          doi = {10.3847/1538-4357/ab1422},
archivePrefix = {arXiv},
       eprint = {1903.07603},
 primaryClass = {astro-ph.CO},
       adsurl = {https://ui.adsabs.harvard.edu/abs/2019ApJ...876...85R},
      adsnote = {Provided by the SAO/NASA Astrophysics Data System}
}

@ARTICLE{poulin/etal:2018,
       author = {{Poulin}, Vivian and {Boddy}, Kimberly K. and {Bird}, Simeon and
         {Kamionkowski}, Marc},
        title = "{Implications of an extended dark energy cosmology with massive neutrinos for cosmological tensions}",
      journal = {\prd},
     keywords = {Astrophysics - Cosmology and Nongalactic Astrophysics},
         year = 2018,
        month = jun,
       volume = {97},
       number = {12},
          eid = {123504},
        pages = {123504},
          doi = {10.1103/PhysRevD.97.123504},
archivePrefix = {arXiv},
       eprint = {1803.02474},
 primaryClass = {astro-ph.CO},
       adsurl = {https://ui.adsabs.harvard.edu/abs/2018PhRvD..97l3504P},
      adsnote = {Provided by the SAO/NASA Astrophysics Data System}
}

@ARTICLE{divalentino/etal:2020,
       author = {{Di Valentino}, Eleonora and {Melchiorri}, Alessandro and {Mena}, Olga and
         {Vagnozzi}, Sunny},
        title = "{Nonminimal dark sector physics and cosmological tensions}",
      journal = {\prd},
     keywords = {Astrophysics - Cosmology and Nongalactic Astrophysics, General Relativity and Quantum Cosmology, High Energy Physics - Phenomenology},
         year = 2020,
        month = mar,
       volume = {101},
       number = {6},
          eid = {063502},
        pages = {063502},
          doi = {10.1103/PhysRevD.101.063502},
archivePrefix = {arXiv},
       eprint = {1910.09853},
 primaryClass = {astro-ph.CO},
       adsurl = {https://ui.adsabs.harvard.edu/abs/2020PhRvD.101f3502D},
      adsnote = {Provided by the SAO/NASA Astrophysics Data System}
}

@ARTICLE{laureijs/etal:2011,
       author = {{Laureijs}, R. and {Amiaux}, J. and {Arduini}, S. and
         {Augu{\`e}res}, J. -L. and {Brinchmann}, J. and {Cole}, R. and
         {Cropper}, M. and {Dabin}, C. and {Duvet}, L. and {Ealet}, A. and
         {Garilli}, B. and {Gondoin}, P. and {Guzzo}, L. and {Hoar}, J. and
         {Hoekstra}, H. and {Holmes}, R. and {Kitching}, T. and {Maciaszek}, T. and
         {Mellier}, Y. and {Pasian}, F. and {Percival}, W. and {Rhodes}, J. and
         {Saavedra Criado}, G. and {Sauvage}, M. and {Scaramella}, R. and
         {Valenziano}, L. and {Warren}, S. and {Bender}, R. and {Castander}, F. and
         {Cimatti}, A. and {Le F{\`e}vre}, O. and {Kurki-Suonio}, H. and
         {Levi}, M. and {Lilje}, P. and {Meylan}, G. and {Nichol}, R. and
         {Pedersen}, K. and {Popa}, V. and {Rebolo Lopez}, R. and {Rix}, H. -W. and
         {Rottgering}, H. and {Zeilinger}, W. and {Grupp}, F. and {Hudelot}, P. and
         {Massey}, R. and {Meneghetti}, M. and {Miller}, L. and {Paltani}, S. and
         {Paulin-Henriksson}, S. and {Pires}, S. and {Saxton}, C. and
         {Schrabback}, T. and {Seidel}, G. and {Walsh}, J. and {Aghanim}, N. and
         {Amendola}, L. and {Bartlett}, J. and {Baccigalupi}, C. and
         {Beaulieu}, J. -P. and {Benabed}, K. and {Cuby}, J. -G. and
         {Elbaz}, D. and {Fosalba}, P. and {Gavazzi}, G. and {Helmi}, A. and
         {Hook}, I. and {Irwin}, M. and {Kneib}, J. -P. and {Kunz}, M. and
         {Mannucci}, F. and {Moscardini}, L. and {Tao}, C. and {Teyssier}, R. and
         {Weller}, J. and {Zamorani}, G. and {Zapatero Osorio}, M.~R. and
         {Boulade}, O. and {Foumond}, J.~J. and {Di Giorgio}, A. and
         {Guttridge}, P. and {James}, A. and {Kemp}, M. and {Martignac}, J. and
         {Spencer}, A. and {Walton}, D. and {Bl{\"u}mchen}, T. and {Bonoli}, C. and
         {Bortoletto}, F. and {Cerna}, C. and {Corcione}, L. and {Fabron}, C. and
         {Jahnke}, K. and {Ligori}, S. and {Madrid}, F. and {Martin}, L. and
         {Morgante}, G. and {Pamplona}, T. and {Prieto}, E. and {Riva}, M. and
         {Toledo}, R. and {Trifoglio}, M. and {Zerbi}, F. and {Abdalla}, F. and
         {Douspis}, M. and {Grenet}, C. and {Borgani}, S. and {Bouwens}, R. and
         {Courbin}, F. and {Delouis}, J. -M. and {Dubath}, P. and {Fontana}, A. and
         {Frailis}, M. and {Grazian}, A. and {Koppenh{\"o}fer}, J. and
         {Mansutti}, O. and {Melchior}, M. and {Mignoli}, M. and {Mohr}, J. and
         {Neissner}, C. and {Noddle}, K. and {Poncet}, M. and {Scodeggio}, M. and
         {Serrano}, S. and {Shane}, N. and {Starck}, J. -L. and {Surace}, C. and
         {Taylor}, A. and {Verdoes-Kleijn}, G. and {Vuerli}, C. and
         {Williams}, O.~R. and {Zacchei}, A. and {Altieri}, B. and
         {Escudero Sanz}, I. and {Kohley}, R. and {Oosterbroek}, T. and
         {Astier}, P. and {Bacon}, D. and {Bardelli}, S. and {Baugh}, C. and
         {Bellagamba}, F. and {Benoist}, C. and {Bianchi}, D. and {Biviano}, A. and
         {Branchini}, E. and {Carbone}, C. and {Cardone}, V. and {Clements}, D. and
         {Colombi}, S. and {Conselice}, C. and {Cresci}, G. and {Deacon}, N. and
         {Dunlop}, J. and {Fedeli}, C. and {Fontanot}, F. and {Franzetti}, P. and
         {Giocoli}, C. and {Garcia-Bellido}, J. and {Gow}, J. and {Heavens}, A. and
         {Hewett}, P. and {Heymans}, C. and {Holland}, A. and {Huang}, Z. and
         {Ilbert}, O. and {Joachimi}, B. and {Jennins}, E. and {Kerins}, E. and
         {Kiessling}, A. and {Kirk}, D. and {Kotak}, R. and {Krause}, O. and
         {Lahav}, O. and {van Leeuwen}, F. and {Lesgourgues}, J. and
         {Lombardi}, M. and {Magliocchetti}, M. and {Maguire}, K. and
         {Majerotto}, E. and {Maoli}, R. and {Marulli}, F. and
         {Maurogordato}, S. and {McCracken}, H. and {McLure}, R. and
         {Melchiorri}, A. and {Merson}, A. and {Moresco}, M. and {Nonino}, M. and
         {Norberg}, P. and {Peacock}, J. and {Pello}, R. and {Penny}, M. and
         {Pettorino}, V. and {Di Porto}, C. and {Pozzetti}, L. and
         {Quercellini}, C. and {Radovich}, M. and {Rassat}, A. and {Roche}, N. and
         {Ronayette}, S. and {Rossetti}, E. and {Sartoris}, B. and
         {Schneider}, P. and {Semboloni}, E. and {Serjeant}, S. and
         {Simpson}, F. and {Skordis}, C. and {Smadja}, G. and {Smartt}, S. and
         {Spano}, P. and {Spiro}, S. and {Sullivan}, M. and {Tilquin}, A. and
         {Trotta}, R. and {Verde}, L. and {Wang}, Y. and {Williger}, G. and
         {Zhao}, G. and {Zoubian}, J. and {Zucca}, E.},
        title = "{Euclid Definition Study Report}",
      journal = {arXiv e-prints},
     keywords = {Astrophysics - Cosmology and Extragalactic Astrophysics, Astrophysics - Galaxy Astrophysics},
         year = 2011,
        month = oct,
          eid = {arXiv:1110.3193},
        pages = {arXiv:1110.3193},
archivePrefix = {arXiv},
       eprint = {1110.3193},
 primaryClass = {astro-ph.CO},
       adsurl = {https://ui.adsabs.harvard.edu/abs/2011arXiv1110.3193L},
      adsnote = {Provided by the SAO/NASA Astrophysics Data System}
}

@misc{lsst/etal:2009,
    title={LSST Science Book, Version 2.0},
    author={{LSST Science Collaboration} and Paul A. Abell and Julius Allison and Scott F. Anderson and John R. Andrew and J. Roger P. Angel and Lee Armus and David Arnett and S. J. Asztalos and Tim S. Axelrod and Stephen Bailey and D. R. Ballantyne and Justin R. Bankert and Wayne A. Barkhouse and Jeffrey D. Barr and L. Felipe Barrientos and Aaron J. Barth and James G. Bartlett and Andrew C. Becker and Jacek Becla and Timothy C. Beers and Joseph P. Bernstein and Rahul Biswas and Michael R. Blanton and Joshua S. Bloom and John J. Bochanski and Pat Boeshaar and Kirk D. Borne and Marusa Bradac and W. N. Brandt and Carrie R. Bridge and Michael E. Brown and Robert J. Brunner and James S. Bullock and Adam J. Burgasser and James H. Burge and David L. Burke and Phillip A. Cargile and Srinivasan Chandrasekharan and George Chartas and Steven R. Chesley and You-Hua Chu and David Cinabro and Mark W. Claire and Charles F. Claver and Douglas Clowe and A. J. Connolly and Kem H. Cook and Jeff Cooke and Asantha Cooray and Kevin R. Covey and Christopher S. Culliton and Roelof de Jong and Willem H. de Vries and Victor P. Debattista and Francisco Delgado and Ian P. Dell'Antonio and Saurav Dhital and Rosanne Di Stefano and Mark Dickinson and Benjamin Dilday and S. G. Djorgovski and Gregory Dobler and Ciro Donalek and Gregory Dubois-Felsmann and Josef Durech and Ardis Eliasdottir and Michael Eracleous and Laurent Eyer and Emilio E. Falco and Xiaohui Fan and Christopher D. Fassnacht and Harry C. Ferguson and Yanga R. Fernandez and Brian D. Fields and Douglas Finkbeiner and Eduardo E. Figueroa and Derek B. Fox and Harold Francke and James S. Frank and Josh Frieman and Sebastien Fromenteau and Muhammad Furqan and Gaspar Galaz and A. Gal-Yam and Peter Garnavich and Eric Gawiser and John Geary and Perry Gee and Robert R. Gibson and Kirk Gilmore and Emily A. Grace and Richard F. Green and William J. Gressler and Carl J. Grillmair and Salman Habib and J. S. Haggerty and Mario Hamuy and Alan W. Harris and Suzanne L. Hawley and Alan F. Heavens and Leslie Hebb and Todd J. Henry and Edward Hileman and Eric J. Hilton and Keri Hoadley and J. B. Holberg and Matt J. Holman and Steve B. Howell and Leopoldo Infante and Zeljko Ivezic and Suzanne H. Jacoby and Bhuvnesh Jain and R and Jedicke and M. James Jee and J. Garrett Jernigan and Saurabh W. Jha and Kathryn V. Johnston and R. Lynne Jones and Mario Juric and Mikko Kaasalainen and Styliani and Kafka and Steven M. Kahn and Nathan A. Kaib and Jason Kalirai and Jeff Kantor and Mansi M. Kasliwal and Charles R. Keeton and Richard Kessler and Zoran Knezevic and Adam Kowalski and Victor L. Krabbendam and K. Simon Krughoff and Shrinivas Kulkarni and Stephen Kuhlman and Mark Lacy and Sebastien Lepine and Ming Liang and Amy Lien and Paulina Lira and Knox S. Long and Suzanne Lorenz and Jennifer M. Lotz and R. H. Lupton and Julie Lutz and Lucas M. Macri and Ashish A. Mahabal and Rachel Mandelbaum and Phil Marshall and Morgan May and Peregrine M. McGehee and Brian T. Meadows and Alan Meert and Andrea Milani and Christopher J. Miller and Michelle Miller and David Mills and Dante Minniti and David Monet and Anjum S. Mukadam and Ehud Nakar and Douglas R. Neill and Jeffrey A. Newman and Sergei Nikolaev and Martin Nordby and Paul O'Connor and Masamune Oguri and John Oliver and Scot S. Olivier and Julia K. Olsen and Knut Olsen and Edward W. Olszewski and Hakeem Oluseyi and Nelson D. Padilla and Alex Parker and Joshua Pepper and John R. Peterson and Catherine Petry and Philip A. Pinto and James L. Pizagno and Bogdan Popescu and Andrej Prsa and Veljko Radcka and M. Jordan Raddick and Andrew Rasmussen and Arne Rau and Jeonghee Rho and James E. Rhoads and Gordon T. Richards and Stephen T. Ridgway and Brant E. Robertson and Rok Roskar and Abhijit Saha and Ata Sarajedini and Evan Scannapieco and Terry Schalk and Rafe Schindler and Samuel Schmidt and Sarah Schmidt and Donald P. Schneider and German Schumacher and Ryan Scranton and Jacques Sebag and Lynn G. Seppala and Ohad Shemmer and Joshua D. Simon and M. Sivertz and Howard A. Smith and J. Allyn Smith and Nathan Smith and Anna H. Spitz and Adam Stanford and Keivan G. Stassun and Jay Strader and Michael A. Strauss and Christopher W. Stubbs and Donald W. Sweeney and Alex Szalay and Paula Szkody and Masahiro Takada and Paul Thorman and David E. Trilling and Virginia Trimble and Anthony Tyson and Richard Van Berg and Daniel Vanden Berk and Jake VanderPlas and Licia Verde and Bojan Vrsnak and Lucianne M. Walkowicz and Benjamin D. Wandelt and Sheng Wang and Yun Wang and Michael Warner and Risa H. Wechsler and Andrew A. West and Oliver Wiecha and Benjamin F. Williams and Beth Willman and David Wittman and Sidney C. Wolff and W. Michael Wood-Vasey and Przemek Wozniak and Patrick Young and Andrew Zentner and Hu Zhan},
    year={2009},
    eprint={0912.0201},
    archivePrefix={arXiv},
    primaryClass={astro-ph.IM}
}
@ARTICLE{DESI/etal:2016,
       author = {{DESI Collaboration} and {Aghamousa}, Amir and {Aguilar}, Jessica and
         {Ahlen}, Steve and {Alam}, Shadab and {Allen}, Lori E. and
         {Allende Prieto}, Carlos and {Annis}, James and {Bailey}, Stephen and
         {Balland}, Christophe and {Ballester}, Otger and {Baltay}, Charles and
         {Beaufore}, Lucas and {Bebek}, Chris and {Beers}, Timothy C. and
         {Bell}, Eric F. and {Bernal}, Jos{\'e} Luis and {Besuner}, Robert and
         {Beutler}, Florian and {Blake}, Chris and {Bleuler}, Hannes and
         {Blomqvist}, Michael and {Blum}, Robert and {Bolton}, Adam S. and
         {Briceno}, Cesar and {Brooks}, David and {Brownstein}, Joel R. and
         {Buckley-Geer}, Elizabeth and {Burden}, Angela and {Burtin}, Etienne and
         {Busca}, Nicolas G. and {Cahn}, Robert N. and {Cai}, Yan-Chuan and
         {Cardiel-Sas}, Laia and {Carlberg}, Raymond G. and
         {Carton}, Pierre-Henri and {Casas}, Ricard and {Castand
        er}, Francisco J. and {Cervantes-Cota}, Jorge L. and
         {Claybaugh}, Todd M. and {Close}, Madeline and {Coker}, Carl T. and
         {Cole}, Shaun and {Comparat}, Johan and {Cooper}, Andrew P. and
         {Cousinou}, M. -C. and {Crocce}, Martin and {Cuby}, Jean-Gabriel and
         {Cunningham}, Daniel P. and {Davis}, Tamara M. and {Dawson}, Kyle S. and
         {de la Macorra}, Axel and {De Vicente}, Juan and
         {Delubac}, Timoth{\'e}e and {Derwent}, Mark and {Dey}, Arjun and
         {Dhungana}, Govinda and {Ding}, Zhejie and {Doel}, Peter and
         {Duan}, Yutong T. and {Ealet}, Anne and {Edelstein}, Jerry and
         {Eftekharzadeh}, Sarah and {Eisenstein}, Daniel J. and {Elliott}, Ann and
         {Escoffier}, St{\'e}phanie and {Evatt}, Matthew and
         {Fagrelius}, Parker and {Fan}, Xiaohui and {Fanning}, Kevin and
         {Farahi}, Arya and {Farihi}, Jay and {Favole}, Ginevra and {Feng}, Yu and
         {Fernandez}, Enrique and {Findlay}, Joseph R. and
         {Finkbeiner}, Douglas P. and {Fitzpatrick}, Michael J. and
         {Flaugher}, Brenna and {Flender}, Samuel and {Font-Ribera}, Andreu and
         {Forero-Romero}, Jaime E. and {Fosalba}, Pablo and {Frenk}, Carlos S. and
         {Fumagalli}, Michele and {Gaensicke}, Boris T. and {Gallo}, Giuseppe and
         {Garcia-Bellido}, Juan and {Gaztanaga}, Enrique and
         {Pietro Gentile Fusillo}, Nicola and {Gerard}, Terry and
         {Gershkovich}, Irena and {Giannantonio}, Tommaso and {Gillet}, Denis and
         {Gonzalez-de-Rivera}, Guillermo and {Gonzalez-Perez}, Violeta and
         {Gott}, Shelby and {Graur}, Or and {Gutierrez}, Gaston and
         {Guy}, Julien and {Habib}, Salman and {Heetderks}, Henry and
         {Heetderks}, Ian and {Heitmann}, Katrin and {Hellwing}, Wojciech A. and
         {Herrera}, David A. and {Ho}, Shirley and {Holland}, Stephen and
         {Honscheid}, Klaus and {Huff}, Eric and {Hutchinson}, Timothy A. and
         {Huterer}, Dragan and {Hwang}, Ho Seong and
         {Illa Laguna}, Joseph Maria and {Ishikawa}, Yuzo and {Jacobs}, Dianna and
         {Jeffrey}, Niall and {Jelinsky}, Patrick and {Jennings}, Elise and
         {Jiang}, Linhua and {Jimenez}, Jorge and {Johnson}, Jennifer and
         {Joyce}, Richard and {Jullo}, Eric and {Juneau}, St{\'e}phanie and
         {Kama}, Sami and {Karcher}, Armin and {Karkar}, Sonia and
         {Kehoe}, Robert and {Kennamer}, Noble and {Kent}, Stephen and
         {Kilbinger}, Martin and {Kim}, Alex G. and {Kirkby}, David and
         {Kisner}, Theodore and {Kitanidis}, Ellie and {Kneib}, Jean-Paul and
         {Koposov}, Sergey and {Kovacs}, Eve and {Koyama}, Kazuya and
         {Kremin}, Anthony and {Kron}, Richard and {Kronig}, Luzius and
         {Kueter-Young}, Andrea and {Lacey}, Cedric G. and {Lafever}, Robin and
         {Lahav}, Ofer and {Lambert}, Andrew and {Lampton}, Michael and {Land
        riau}, Martin and {Lang}, Dustin and {Lauer}, Tod R. and
         {Le Goff}, Jean-Marc and {Le Guillou}, Laurent and
         {Le Van Suu}, Auguste and {Lee}, Jae Hyeon and {Lee}, Su-Jeong and
         {Leitner}, Daniela and {Lesser}, Michael and {Levi}, Michael E. and
         {L'Huillier}, Benjamin and {Li}, Baojiu and {Liang}, Ming and
         {Lin}, Huan and {Linder}, Eric and {Loebman}, Sarah R. and
         {Luki{\'c}}, Zarija and {Ma}, Jun and {MacCrann}, Niall and
         {Magneville}, Christophe and {Makarem}, Laleh and {Manera}, Marc and
         {Manser}, Christopher J. and {Marshall}, Robert and {Martini}, Paul and
         {Massey}, Richard and {Matheson}, Thomas and {McCauley}, Jeremy and
         {McDonald}, Patrick and {McGreer}, Ian D. and {Meisner}, Aaron and
         {Metcalfe}, Nigel and {Miller}, Timothy N. and {Miquel}, Ramon and
         {Moustakas}, John and {Myers}, Adam and {Naik}, Milind and
         {Newman}, Jeffrey A. and {Nichol}, Robert C. and {Nicola}, Andrina and
         {Nicolati da Costa}, Luiz and {Nie}, Jundan and {Niz}, Gustavo and
         {Norberg}, Peder and {Nord}, Brian and {Norman}, Dara and
         {Nugent}, Peter and {O'Brien}, Thomas and {Oh}, Minji and
         {Olsen}, Knut A.~G. and {Padilla}, Cristobal and {Padmanabhan}, Hamsa and
         {Padmanabhan}, Nikhil and {Palanque-Delabrouille}, Nathalie and
         {Palmese}, Antonella and {Pappalardo}, Daniel and
         {P{\^a}ris}, Isabelle and {Park}, Changbom and {Patej}, Anna and
         {Peacock}, John A. and {Peiris}, Hiranya V. and {Peng}, Xiyan and
         {Percival}, Will J. and {Perruchot}, Sandrine and {Pieri}, Matthew M. and
         {Pogge}, Richard and {Pollack}, Jennifer E. and {Poppett}, Claire and
         {Prada}, Francisco and {Prakash}, Abhishek and {Probst}, Ronald G. and
         {Rabinowitz}, David and {Raichoor}, Anand and {Ree}, Chang Hee and
         {Refregier}, Alexandre and {Regal}, Xavier and {Reid}, Beth and
         {Reil}, Kevin and {Rezaie}, Mehdi and {Rockosi}, Constance M. and
         {Roe}, Natalie and {Ronayette}, Samuel and {Roodman}, Aaron and
         {Ross}, Ashley J. and {Ross}, Nicholas P. and {Rossi}, Graziano and
         {Rozo}, Eduardo and {Ruhlmann-Kleider}, Vanina and {Rykoff}, Eli S. and
         {Sabiu}, Cristiano and {Samushia}, Lado and {Sanchez}, Eusebio and
         {Sanchez}, Javier and {Schlegel}, David J. and {Schneider}, Michael and
         {Schubnell}, Michael and {Secroun}, Aur{\'e}lia and {Seljak}, Uros and
         {Seo}, Hee-Jong and {Serrano}, Santiago and {Shafieloo}, Arman and
         {Shan}, Huanyuan and {Sharples}, Ray and {Sholl}, Michael J. and
         {Shourt}, William V. and {Silber}, Joseph H. and {Silva}, David R. and
         {Sirk}, Martin M. and {Slosar}, Anze and {Smith}, Alex and
         {Smoot}, George F. and {Som}, Debopam and {Song}, Yong-Seon and
         {Sprayberry}, David and {Staten}, Ryan and {Stefanik}, Andy and
         {Tarle}, Gregory and {Sien Tie}, Suk and {Tinker}, Jeremy L. and
         {Tojeiro}, Rita and {Valdes}, Francisco and {Valenzuela}, Octavio and
         {Valluri}, Monica and {Vargas-Magana}, Mariana and {Verde}, Licia and
         {Walker}, Alistair R. and {Wang}, Jiali and {Wang}, Yuting and
         {Weaver}, Benjamin A. and {Weaverdyck}, Curtis and {Wechsler}, Risa H. and
         {Weinberg}, David H. and {White}, Martin and {Yang}, Qian and
         {Yeche}, Christophe and {Zhang}, Tianmeng and {Zhao}, Gong-Bo and
         {Zheng}, Yi and {Zhou}, Xu and {Zhou}, Zhimin and {Zhu}, Yaling and
         {Zou}, Hu and {Zu}, Ying},
        title = "{The DESI Experiment Part I: Science,Targeting, and Survey Design}",
      journal = {arXiv e-prints},
     keywords = {Astrophysics - Instrumentation and Methods for Astrophysics, Astrophysics - Cosmology and Nongalactic Astrophysics},
         year = 2016,
        month = oct,
          eid = {arXiv:1611.00036},
        pages = {arXiv:1611.00036},
archivePrefix = {arXiv},
       eprint = {1611.00036},
 primaryClass = {astro-ph.IM},
       adsurl = {https://ui.adsabs.harvard.edu/abs/2016arXiv161100036D},
      adsnote = {Provided by the SAO/NASA Astrophysics Data System}
}

@ARTICLE{desjacques/etal:2018,
       author = {{Desjacques}, Vincent and {Jeong}, Donghui and {Schmidt}, Fabian},
        title = "{Large-scale galaxy bias}",
      journal = {\physrep},
     keywords = {Cosmology, Dark matter, Galaxy bias, Galaxy clustering, Large-scale structure, Primordial non-Gaussianity, Astrophysics - Cosmology and Nongalactic Astrophysics, Astrophysics - Astrophysics of Galaxies, General Relativity and Quantum Cosmology, High Energy Physics - Phenomenology},
         year = 2018,
        month = feb,
       volume = {733},
        pages = {1-193},
          doi = {10.1016/j.physrep.2017.12.002},
archivePrefix = {arXiv},
       eprint = {1611.09787},
 primaryClass = {astro-ph.CO},
       adsurl = {https://ui.adsabs.harvard.edu/abs/2018PhR...733....1D},
      adsnote = {Provided by the SAO/NASA Astrophysics Data System}
}


@ARTICLE{bernstein:2009,
       author = {{Bernstein}, Gary M.},
        title = "{Comprehensive Two-Point Analyses of Weak Gravitational Lensing Surveys}",
      journal = {\apj},
     keywords = {gravitational lensing, cosmological parameters, relativity, Astrophysics},
         year = 2009,
        month = apr,
       volume = {695},
       number = {1},
        pages = {652-665},
          doi = {10.1088/0004-637X/695/1/652},
archivePrefix = {arXiv},
       eprint = {0808.3400},
 primaryClass = {astro-ph},
       adsurl = {https://ui.adsabs.harvard.edu/abs/2009ApJ...695..652B},
      adsnote = {Provided by the SAO/NASA Astrophysics Data System}
}

@ARTICLE{bernstein/jain:2004,
       author = {{Bernstein}, G. and {Jain}, B.},
        title = "{Dark Energy Constraints from Weak-Lensing Cross-Correlation Cosmography}",
      journal = {\apj},
     keywords = {Cosmology: Cosmological Parameters, Cosmology: Gravitational Lensing, Astrophysics},
         year = 2004,
        month = jan,
       volume = {600},
       number = {1},
        pages = {17-25},
          doi = {10.1086/379768},
archivePrefix = {arXiv},
       eprint = {astro-ph/0309332},
 primaryClass = {astro-ph},
       adsurl = {https://ui.adsabs.harvard.edu/abs/2004ApJ...600...17B},
      adsnote = {Provided by the SAO/NASA Astrophysics Data System}
}



@ARTICLE{gaztanaga/etal:2012,
       author = {{Gazta{\~n}aga}, Enrique and {Eriksen}, Martin and {Crocce}, Martin and
         {Castander}, Francisco J. and {Fosalba}, Pablo and {Marti}, Pol and
         {Miquel}, Ramon and {Cabr{\'e}}, Anna},
        title = "{Cross-correlation of spectroscopic and photometric galaxy surveys: cosmology from lensing and redshift distortions}",
      journal = {\mnras},
     keywords = {dark energy, large-scale structure of Universe, Astrophysics - Cosmology and Nongalactic Astrophysics},
         year = 2012,
        month = jun,
       volume = {422},
       number = {4},
        pages = {2904-2930},
          doi = {10.1111/j.1365-2966.2012.20613.x},
archivePrefix = {arXiv},
       eprint = {1109.4852},
 primaryClass = {astro-ph.CO},
       adsurl = {https://ui.adsabs.harvard.edu/abs/2012MNRAS.422.2904G},
      adsnote = {Provided by the SAO/NASA Astrophysics Data System}
}


@ARTICLE{liske/etal:2015,
       author = {{Liske}, J. and {Baldry}, I.~K. and {Driver}, S.~P. and {Tuffs}, R.~J. and
         {Alpaslan}, M. and {Andrae}, E. and {Brough}, S. and {Cluver}, M.~E. and
         {Grootes}, M.~W. and {Gunawardhana}, M.~L.~P. and {Kelvin}, L.~S. and
         {Loveday}, J. and {Robotham}, A.~S.~G. and {Taylor}, E.~N. and
         {Bamford}, S.~P. and {Bland-Hawthorn}, J. and {Brown}, M.~J.~I. and
         {Drinkwater}, M.~J. and {Hopkins}, A.~M. and {Meyer}, M.~J. and
         {Norberg}, P. and {Peacock}, J.~A. and {Agius}, N.~K. and
         {Andrews}, S.~K. and {Bauer}, A.~E. and {Ching}, J.~H.~Y. and
         {Colless}, M. and {Conselice}, C.~J. and {Croom}, S.~M. and
         {Davies}, L.~J.~M. and {De Propris}, R. and {Dunne}, L. and
         {Eardley}, E.~M. and {Ellis}, S. and {Foster}, C. and {Frenk}, C.~S. and
         {H{\"a}u{\ss}ler}, B. and {Holwerda}, B.~W. and {Howlett}, C. and
         {Ibarra}, H. and {Jarvis}, M.~J. and {Jones}, D.~H. and {Kafle}, P.~R. and
         {Lacey}, C.~G. and {Lange}, R. and {Lara-L{\'o}pez}, M.~A. and
         {L{\'o}pez-S{\'a}nchez}, {\'A}. R. and {Maddox}, S. and
         {Madore}, B.~F. and {McNaught-Roberts}, T. and {Moffett}, A.~J. and
         {Nichol}, R.~C. and {Owers}, M.~S. and {Palamara}, D. and
         {Penny}, S.~J. and {Phillipps}, S. and {Pimbblet}, K.~A. and
         {Popescu}, C.~C. and {Prescott}, M. and {Proctor}, R. and
         {Sadler}, E.~M. and {Sansom}, A.~E. and {Seibert}, M. and {Sharp}, R. and
         {Sutherland}, W. and {V{\'a}zquez-Mata}, J.~A. and {van Kampen}, E. and
         {Wilkins}, S.~M. and {Williams}, R. and {Wright}, A.~H.},
        title = "{Galaxy And Mass Assembly (GAMA): end of survey report and data release 2}",
      journal = {\mnras},
     keywords = {surveys, galaxies: distances and redshifts, galaxies: fundamental parameters, galaxies: general, galaxies: photometry, galaxies: statistics, Astrophysics - Astrophysics of Galaxies},
         year = 2015,
        month = sep,
       volume = {452},
       number = {2},
        pages = {2087-2126},
          doi = {10.1093/mnras/stv1436},
archivePrefix = {arXiv},
       eprint = {1506.08222},
 primaryClass = {astro-ph.GA},
       adsurl = {https://ui.adsabs.harvard.edu/abs/2015MNRAS.452.2087L},
      adsnote = {Provided by the SAO/NASA Astrophysics Data System}
}

@ARTICLE{joudaki/etal:2020,
       author = {{Joudaki}, S. and {Hildebrandt}, H. and {Traykova}, D. and
         {Chisari}, N.~E. and {Heymans}, C. and {Kannawadi}, A. and
         {Kuijken}, K. and {Wright}, A.~H. and {Asgari}, M. and {Erben}, T. and
         {Hoekstra}, H. and {Joachimi}, B. and {Miller}, L. and
         {Tr{\"o}ster}, T. and {van den Busch}, J.~L.},
        title = "{KiDS+VIKING-450 and DES-Y1 combined: Cosmology with cosmic shear}",
      journal = {\aap},
     keywords = {cosmology: observations, galaxies: photometry, gravitational lensing: weak, surveys, Astrophysics - Cosmology and Nongalactic Astrophysics},
         year = 2020,
        month = jun,
       volume = {638},
          eid = {L1},
        pages = {L1},
          doi = {10.1051/0004-6361/201936154},
archivePrefix = {arXiv},
       eprint = {1906.09262},
 primaryClass = {astro-ph.CO},
       adsurl = {https://ui.adsabs.harvard.edu/abs/2020A&A...638L...1J},
      adsnote = {Provided by the SAO/NASA Astrophysics Data System}
}


@ARTICLE{joudaki/etal:2018,
       author = {{Joudaki}, Shahab and {Blake}, Chris and {Johnson}, Andrew and
         {Amon}, Alexandra and {Asgari}, Marika and {Choi}, Ami and
         {Erben}, Thomas and {Glazebrook}, Karl and
         {Harnois-D{\'e}raps}, Joachim and {Heymans}, Catherine and {Hildebrand
        t}, Hendrik and {Hoekstra}, Henk and {Klaes}, Dominik and
         {Kuijken}, Konrad and {Lidman}, Chris and {Mead}, Alexander and
         {Miller}, Lance and {Parkinson}, David and {Poole}, Gregory B. and
         {Schneider}, Peter and {Viola}, Massimo and {Wolf}, Christian},
        title = "{KiDS-450 + 2dFLenS: Cosmological parameter constraints from weak gravitational lensing tomography and overlapping redshift-space galaxy clustering}",
      journal = {\mnras},
     keywords = {surveys, large-scale structure of Universe, cosmology: observations, Astrophysics - Cosmology and Nongalactic Astrophysics},
         year = 2018,
        month = mar,
       volume = {474},
       number = {4},
        pages = {4894-4924},
          doi = {10.1093/mnras/stx2820},
archivePrefix = {arXiv},
       eprint = {1707.06627},
 primaryClass = {astro-ph.CO},
       adsurl = {https://ui.adsabs.harvard.edu/abs/2018MNRAS.474.4894J},
      adsnote = {Provided by the SAO/NASA Astrophysics Data System}
}

@ARTICLE{blake/etal:2016,
       author = {{Blake}, Chris and {Amon}, Alexandra and {Childress}, Michael and
         {Erben}, Thomas and {Glazebrook}, Karl and {Harnois-Deraps}, Joachim and
         {Heymans}, Catherine and {Hildebrandt}, Hendrik and
         {Hinton}, Samuel R. and {Janssens}, Steven and {Johnson}, Andrew and
         {Joudaki}, Shahab and {Klaes}, Dominik and {Kuijken}, Konrad and
         {Lidman}, Chris and {Marin}, Felipe A. and {Parkinson}, David and
         {Poole}, Gregory B. and {Wolf}, Christian},
        title = "{The 2-degree Field Lensing Survey: design and clustering measurements}",
      journal = {\mnras},
     keywords = {surveys, cosmology: observations, large-scale structure of Universe, Astrophysics - Cosmology and Nongalactic Astrophysics},
         year = 2016,
        month = nov,
       volume = {462},
       number = {4},
        pages = {4240-4265},
          doi = {10.1093/mnras/stw1990},
archivePrefix = {arXiv},
       eprint = {1608.02668},
 primaryClass = {astro-ph.CO},
       adsurl = {https://ui.adsabs.harvard.edu/abs/2016MNRAS.462.4240B},
      adsnote = {Provided by the SAO/NASA Astrophysics Data System}
}

@ARTICLE{alam/etal:2015,
       author = {{Alam}, Shadab and {Albareti}, Franco D. and {Allende Prieto}, Carlos and
         {Anders}, F. and {Anderson}, Scott F. and {Anderton}, Timothy and
         {Andrews}, Brett H. and {Armengaud}, Eric and {Aubourg}, {\'E}ric and
         {Bailey}, Stephen and {Basu}, Sarbani and {Bautista}, Julian E. and
         {Beaton}, Rachael L. and {Beers}, Timothy C. and {Bender}, Chad F. and
         {Berlind}, Andreas A. and {Beutler}, Florian and {Bhardwaj}, Vaishali and
         {Bird}, Jonathan C. and {Bizyaev}, Dmitry and {Blake}, Cullen H. and
         {Blanton}, Michael R. and {Blomqvist}, Michael and
         {Bochanski}, John J. and {Bolton}, Adam S. and {Bovy}, Jo and
         {Shelden Bradley}, A. and {Brandt}, W.~N. and {Brauer}, D.~E. and
         {Brinkmann}, J. and {Brown}, Peter J. and {Brownstein}, Joel R. and
         {Burden}, Angela and {Burtin}, Etienne and {Busca}, Nicol{\'a}s G. and
         {Cai}, Zheng and {Capozzi}, Diego and {Carnero Rosell}, Aurelio and
         {Carr}, Michael A. and {Carrera}, Ricardo and {Chambers}, K.~C. and
         {Chaplin}, William James and {Chen}, Yen-Chi and {Chiappini}, Cristina and
         {Chojnowski}, S. Drew and {Chuang}, Chia-Hsun and {Clerc}, Nicolas and
         {Comparat}, Johan and {Covey}, Kevin and {Croft}, Rupert A.~C. and
         {Cuesta}, Antonio J. and {Cunha}, Katia and {da Costa}, Luiz N. and
         {Da Rio}, Nicola and {Davenport}, James R.~A. and {Dawson}, Kyle S. and
         {De Lee}, Nathan and {Delubac}, Timoth{\'e}e and {Deshpande}, Rohit and
         {Dhital}, Saurav and {Dutra-Ferreira}, Let{\'\i}cia and {Dwelly}, Tom and
         {Ealet}, Anne and {Ebelke}, Garrett L. and {Edmondson}, Edward M. and
         {Eisenstein}, Daniel J. and {Ellsworth}, Tristan and
         {Elsworth}, Yvonne and {Epstein}, Courtney R. and {Eracleous}, Michael and
         {Escoffier}, Stephanie and {Esposito}, Massimiliano and
         {Evans}, Michael L. and {Fan}, Xiaohui and {Fern{\'a}ndez-Alvar}, Emma and
         {Feuillet}, Diane and {Filiz Ak}, Nurten and {Finley}, Hayley and
         {Finoguenov}, Alexis and {Flaherty}, Kevin and {Fleming}, Scott W. and
         {Font-Ribera}, Andreu and {Foster}, Jonathan and
         {Frinchaboy}, Peter M. and {Galbraith-Frew}, J.~G. and
         {Garc{\'\i}a}, Rafael A. and {Garc{\'\i}a-Hern{\'a}ndez}, D.~A. and
         {Garc{\'\i}a P{\'e}rez}, Ana E. and {Gaulme}, Patrick and {Ge}, Jian and
         {G{\'e}nova-Santos}, R. and {Georgakakis}, A. and {Ghezzi}, Luan and
         {Gillespie}, Bruce A. and {Girardi}, L{\'e}o and {Goddard}, Daniel and
         {Gontcho}, Satya Gontcho A. and {Gonz{\'a}lez Hern{\'a}ndez}, Jonay I. and
         {Grebel}, Eva K. and {Green}, Paul J. and {Grieb}, Jan Niklas and
         {Grieves}, Nolan and {Gunn}, James E. and {Guo}, Hong and
         {Harding}, Paul and {Hasselquist}, Sten and {Hawley}, Suzanne L. and
         {Hayden}, Michael and {Hearty}, Fred R. and {Hekker}, Saskia and
         {Ho}, Shirley and {Hogg}, David W. and {Holley-Bockelmann}, Kelly and
         {Holtzman}, Jon A. and {Honscheid}, Klaus and {Huber}, Daniel and
         {Huehnerhoff}, Joseph and {Ivans}, Inese I. and {Jiang}, Linhua and
         {Johnson}, Jennifer A. and {Kinemuchi}, Karen and {Kirkby}, David and
         {Kitaura}, Francisco and {Klaene}, Mark A. and {Knapp}, Gillian R. and
         {Kneib}, Jean-Paul and {Koenig}, Xavier P. and {Lam}, Charles R. and
         {Lan}, Ting-Wen and {Lang}, Dustin and {Laurent}, Pierre and
         {Le Goff}, Jean-Marc and {Leauthaud}, Alexie and {Lee}, Khee-Gan and
         {Lee}, Young Sun and {Licquia}, Timothy C. and {Liu}, Jian and
         {Long}, Daniel C. and {L{\'o}pez-Corredoira}, Mart{\'\i}n and
         {Lorenzo-Oliveira}, Diego and {Lucatello}, Sara and {Lundgren}, Britt and
         {Lupton}, Robert H. and {Mack}, Claude E., III and
         {Mahadevan}, Suvrath and {Maia}, Marcio A.~G. and
         {Majewski}, Steven R. and {Malanushenko}, Elena and
         {Malanushenko}, Viktor and {Manchado}, A. and {Manera}, Marc and
         {Mao}, Qingqing and {Maraston}, Claudia and {Marchwinski}, Robert C. and
         {Margala}, Daniel and {Martell}, Sarah L. and {Martig}, Marie and
         {Masters}, Karen L. and {Mathur}, Savita and {McBride}, Cameron K. and
         {McGehee}, Peregrine M. and {McGreer}, Ian D. and
         {McMahon}, Richard G. and {M{\'e}nard}, Brice and
         {Menzel}, Marie-Luise and {Merloni}, Andrea and
         {M{\'e}sz{\'a}ros}, Szabolcs and {Miller}, Adam A. and
         {Miralda-Escud{\'e}}, Jordi and {Miyatake}, Hironao and
         {Montero-Dorta}, Antonio D. and {More}, Surhud and {Morganson}, Eric and
         {Morice-Atkinson}, Xan and {Morrison}, Heather L. and
         {Mosser}, Ben{\^o}it and {Muna}, Demitri and {Myers}, Adam D. and {Nand
        ra}, Kirpal and {Newman}, Jeffrey A. and {Neyrinck}, Mark and
         {Nguyen}, Duy Cuong and {Nichol}, Robert C. and {Nidever}, David L. and
         {Noterdaeme}, Pasquier and {Nuza}, Sebasti{\'a}n E. and
         {O'Connell}, Julia E. and {O'Connell}, Robert W. and {O'Connell}, Ross and
         {Ogando}, Ricardo L.~C. and {Olmstead}, Matthew D. and
         {Oravetz}, Audrey E. and {Oravetz}, Daniel J. and {Osumi}, Keisuke and
         {Owen}, Russell and {Padgett}, Deborah L. and {Padmanabhan}, Nikhil and
         {Paegert}, Martin and {Palanque-Delabrouille}, Nathalie and
         {Pan}, Kaike and {Parejko}, John K. and {P{\^a}ris}, Isabelle and
         {Park}, Changbom and {Pattarakijwanich}, Petchara and
         {Pellejero-Ibanez}, M. and {Pepper}, Joshua and {Percival}, Will J. and
         {P{\'e}rez-Fournon}, Ismael and {Ṕrez-Ra`fols}, Ignasi and
         {Petitjean}, Patrick and {Pieri}, Matthew M. and
         {Pinsonneault}, Marc H. and {Porto de Mello}, Gustavo F. and
         {Prada}, Francisco and {Prakash}, Abhishek and
         {Price-Whelan}, Adrian M. and {Protopapas}, Pavlos and
         {Raddick}, M. Jordan and {Rahman}, Mubdi and {Reid}, Beth A. and
         {Rich}, James and {Rix}, Hans-Walter and {Robin}, Annie C. and
         {Rockosi}, Constance M. and {Rodrigues}, Tha{\'\i}se S. and
         {Rodr{\'\i}guez-Torres}, Sergio and {Roe}, Natalie A. and
         {Ross}, Ashley J. and {Ross}, Nicholas P. and {Rossi}, Graziano and
         {Ruan}, John J. and {Rubi{\~n}o-Mart{\'\i}n}, J.~A. and
         {Rykoff}, Eli S. and {Salazar-Albornoz}, Salvador and {Salvato}, Mara and
         {Samushia}, Lado and {S{\'a}nchez}, Ariel G. and
         {Santiago}, Bas{\'\i}lio and {Sayres}, Conor and
         {Schiavon}, Ricardo P. and {Schlegel}, David J. and
         {Schmidt}, Sarah J. and {Schneider}, Donald P. and
         {Schultheis}, Mathias and {Schwope}, Axel D. and {Sc{\'o}ccola}, C.~G. and
         {Scott}, Caroline and {Sellgren}, Kris and {Seo}, Hee-Jong and
         {Serenelli}, Aldo and {Shane}, Neville and {Shen}, Yue and
         {Shetrone}, Matthew and {Shu}, Yiping and {Silva Aguirre}, V. and
         {Sivarani}, Thirupathi and {Skrutskie}, M.~F. and {Slosar}, An{\v{z}}e and
         {Smith}, Verne V. and {Sobreira}, Fl{\'a}via and {Souto}, Diogo and
         {Stassun}, Keivan G. and {Steinmetz}, Matthias and {Stello}, Dennis and
         {Strauss}, Michael A. and {Streblyanska}, Alina and {Suzuki}, Nao and
         {Swanson}, Molly E.~C. and {Tan}, Jonathan C. and {Tayar}, Jamie and
         {Terrien}, Ryan C. and {Thakar}, Aniruddha R. and {Thomas}, Daniel and
         {Thomas}, Neil and {Thompson}, Benjamin A. and {Tinker}, Jeremy L. and
         {Tojeiro}, Rita and {Troup}, Nicholas W. and
         {Vargas-Maga{\~n}a}, Mariana and {Vazquez}, Jose A. and {Verde}, Licia and
         {Viel}, Matteo and {Vogt}, Nicole P. and {Wake}, David A. and
         {Wang}, Ji and {Weaver}, Benjamin A. and {Weinberg}, David H. and
         {Weiner}, Benjamin J. and {White}, Martin and {Wilson}, John C. and
         {Wisniewski}, John P. and {Wood-Vasey}, W.~M. and {Ye`che}, Christophe and
         {York}, Donald G. and {Zakamska}, Nadia L. and {Zamora}, O. and
         {Zasowski}, Gail and {Zehavi}, Idit and {Zhao}, Gong-Bo and
         {Zheng}, Zheng and {Zhou}, Xu and {Zhou}, Zhimin and {Zou}, Hu and
         {Zhu}, Guangtun},
        title = "{The Eleventh and Twelfth Data Releases of the Sloan Digital Sky Survey: Final Data from SDSS-III}",
      journal = {\apjs},
     keywords = {atlases, catalogs, surveys, Astrophysics - Instrumentation and Methods for Astrophysics, Astrophysics - Astrophysics of Galaxies, Astrophysics - Solar and Stellar Astrophysics},
         year = 2015,
        month = jul,
       volume = {219},
       number = {1},
          eid = {12},
        pages = {12},
          doi = {10.1088/0067-0049/219/1/12},
archivePrefix = {arXiv},
       eprint = {1501.00963},
 primaryClass = {astro-ph.IM},
       adsurl = {https://ui.adsabs.harvard.edu/abs/2015ApJS..219...12A},
      adsnote = {Provided by the SAO/NASA Astrophysics Data System}
}

@ARTICLE{sanchez/etal:2017,
       author = {{S{\'a}nchez}, Ariel G. and {Scoccimarro}, Rom{\'a}n and
         {Crocce}, Mart{\'\i}n and {Grieb}, Jan Niklas and
         {Salazar-Albornoz}, Salvador and {Dalla Vecchia}, Claudio and
         {Lippich}, Martha and {Beutler}, Florian and {Brownstein}, Joel R. and
         {Chuang}, Chia-Hsun and {Eisenstein}, Daniel J. and
         {Kitaura}, Francisco-Shu and {Olmstead}, Matthew D. and
         {Percival}, Will J. and {Prada}, Francisco and
         {Rodr{\'\i}guez-Torres}, Sergio and {Ross}, Ashley J. and
         {Samushia}, Lado and {Seo}, Hee-Jong and {Tinker}, Jeremy and
         {Tojeiro}, Rita and {Vargas-Maga{\~n}a}, Mariana and {Wang}, Yuting and
         {Zhao}, Gong-Bo},
        title = "{The clustering of galaxies in the completed SDSS-III Baryon Oscillation Spectroscopic Survey: Cosmological implications of the configuration-space clustering wedges}",
      journal = {\mnras},
     keywords = {cosmological parameters, large-scale structure of Universe, Astrophysics - Cosmology and Nongalactic Astrophysics},
         year = 2017,
        month = jan,
       volume = {464},
       number = {2},
        pages = {1640-1658},
          doi = {10.1093/mnras/stw2443},
archivePrefix = {arXiv},
       eprint = {1607.03147},
 primaryClass = {astro-ph.CO},
       adsurl = {https://ui.adsabs.harvard.edu/abs/2017MNRAS.464.1640S},
      adsnote = {Provided by the SAO/NASA Astrophysics Data System}
}

@ARTICLE{crocce/scoccimarro:2006,
       author = {{Crocce}, Mart{\'\i}n and {Scoccimarro}, Rom{\'a}n},
        title = "{Renormalized cosmological perturbation theory}",
      journal = {\prd},
     keywords = {98.80.-k, Cosmology, Astrophysics},
         year = 2006,
        month = mar,
       volume = {73},
       number = {6},
          eid = {063519},
        pages = {063519},
          doi = {10.1103/PhysRevD.73.063519},
archivePrefix = {arXiv},
       eprint = {astro-ph/0509418},
 primaryClass = {astro-ph},
       adsurl = {https://ui.adsabs.harvard.edu/abs/2006PhRvD..73f3519C},
      adsnote = {Provided by the SAO/NASA Astrophysics Data System}
}

@ARTICLE{chan/etal:2012,
       author = {{Chan}, Kwan Chuen and {Scoccimarro}, Rom{\'a}n and {Sheth}, Ravi K.},
        title = "{Gravity and large-scale nonlocal bias}",
      journal = {\prd},
     keywords = {98.80.-k, 98.65.-r, Cosmology, Galaxy groups clusters and superclusters, large scale structure of the Universe, Astrophysics - Cosmology and Extragalactic Astrophysics, High Energy Physics - Theory},
         year = 2012,
        month = apr,
       volume = {85},
       number = {8},
          eid = {083509},
        pages = {083509},
          doi = {10.1103/PhysRevD.85.083509},
archivePrefix = {arXiv},
       eprint = {1201.3614},
 primaryClass = {astro-ph.CO},
       adsurl = {https://ui.adsabs.harvard.edu/abs/2012PhRvD..85h3509C},
      adsnote = {Provided by the SAO/NASA Astrophysics Data System}
}

@ARTICLE{dejong/etal:2013,
       author = {{de Jong}, J.~T.~A. and {Kuijken}, K. and {Applegate}, D. and
         {Begeman}, K. and {Belikov}, A. and {Blake}, C. and {Bout}, J. and
         {Boxhoorn}, D. and {Buddelmeijer}, H. and {Buddendiek}, A. and
         {Cacciato}, M. and {Capaccioli}, M. and {Choi}, A. and {Cordes}, O. and
         {Covone}, G. and {Dall'Ora}, M. and {Edge}, A. and {Erben}, T. and
         {Franse}, J. and {Getman}, F. and {Grado}, A. and {Harnois-Deraps}, J. and
         {Helmich}, E. and {Herbonnet}, R. and {Heymans}, C. and {Hildebrand
        t}, H. and {Hoekstra}, H. and {Huang}, Z. and {Irisarri}, N. and
         {Joachimi}, B. and {K{\"o}hlinger}, F. and {Kitching}, T. and
         {La Barbera}, F. and {Lacerda}, P. and {McFarland}, J. and
         {Miller}, L. and {Nakajima}, R. and {Napolitano}, N.~R. and
         {Paolillo}, M. and {Peacock}, J. and {Pila-Diez}, B. and {Puddu}, E. and
         {Radovich}, M. and {Rifatto}, A. and {Schneider}, P. and
         {Schrabback}, T. and {Sifon}, C. and {Sikkema}, G. and {Simon}, P. and
         {Sutherland}, W. and {Tudorica}, A. and {Valentijn}, E. and
         {van der Burg}, R. and {van Uitert}, E. and {van Waerbeke}, L. and {Veland
        er}, M. and {Verdoes Kleijn}, G. and {Viola}, M. and {Vriend}, W. -J.},
        title = "{The Kilo-Degree Survey}",
      journal = {The Messenger},
         year = 2013,
        month = dec,
       volume = {154},
        pages = {44-46},
       adsurl = {https://ui.adsabs.harvard.edu/abs/2013Msngr.154...44D},
      adsnote = {Provided by the SAO/NASA Astrophysics Data System}
}

@ARTICLE{johnson/etal:2017,
       author = {{Johnson}, Andrew and {Blake}, Chris and {Amon}, Alexandra and
         {Erben}, Thomas and {Glazebrook}, Karl and {Harnois-Deraps}, Joachim and
         {Heymans}, Catherine and {Hildebrandt}, Hendrik and {Joudaki}, Shahab and
         {Klaes}, Dominik and {Kuijken}, Konrad and {Lidman}, Chris and
         {Marin}, Felipe A. and {McFarland}, John and
         {Morrison}, Christopher B. and {Parkinson}, David and
         {Poole}, Gregory B. and {Radovich}, Mario and {Wolf}, Christian},
        title = "{2dFLenS and KiDS: determining source redshift distributions with cross-correlations}",
      journal = {\mnras},
     keywords = {surveys, cosmology: observation, large-scale structure of Universe, Astrophysics - Cosmology and Nongalactic Astrophysics},
         year = 2017,
        month = mar,
       volume = {465},
       number = {4},
        pages = {4118-4132},
          doi = {10.1093/mnras/stw3033},
archivePrefix = {arXiv},
       eprint = {1611.07578},
 primaryClass = {astro-ph.CO},
       adsurl = {https://ui.adsabs.harvard.edu/abs/2017MNRAS.465.4118J},
      adsnote = {Provided by the SAO/NASA Astrophysics Data System}
}

